@comment{x-kbibtex-personnameformatting=<%l><, %f>}

@book{Titchener1909,
  title={Lectures on the experimental psychology of the thought-processes},
  author={Titchener, Edward Bradford},
  year={1909},
  publisher={Macmillan}
}

@article{Brown1914,
  title={On the nature of the fundamental activity of the nervous centres; together with an analysis of the conditioning of rhythmic activity in progression, and a theory of the evolution of function in the nervous system},
  author={Brown, T Graham},
  journal={Journal of Physiology},
  volume={48},
  number={1},
  pages={18--46},
  year={1914},
  publisher={Wiley Online Library}
}

@incollection{Lashley1951,
  title={The problem of serial order in behavior},
  author={Lashley, Karl Spencer},
  booktitle={Cerebral mechanisms in behavior},
  pages={112--136},
  year={1951}
}

@book{Abeles1991,
  title={Corticonics: Neural circuits of the cerebral cortex},
  author={Abeles, Moshe},
  year={1991},
  publisher={Cambridge University Press}
}

@article{Diesmann1999,
  title={Stable propagation of synchronous spiking in cortical neural networks},
  author={Diesmann, Markus and Gewaltig, Marc-Oliver and Aertsen, Ad},
  journal={Nature},
  volume={402},
  number={6761},
  pages={529--533},
  year={1999},
  publisher={Nature Publishing Group}
}

@article{Aviel2002,
  title={Synfire chain in a balanced network},
  author={Aviel, Yuval and Pavlov, Elan and Abeles, Moshe and Horn, David},
  journal={Neurocomputing},
  volume={44},
  pages={285--292},
  year={2002},
  publisher={Elsevier}
}

@article{Jahnke2013,
  title={Propagating synchrony in feed-forward networks},
  author={Jahnke, Sven and Memmesheimer, Raoul-Martin and Timme, Marc},
  journal={Frontiers in Computational Neuroscience},
  year={2013},
  volume={7},
  pages={153},
}

@article{Aviel2003,
  title={On embedding synfire chains in a balanced network},
  author={Aviel, Yuval and Mehring, CARSTEN and Abeles, Moshe and Horn, David},
  journal={Neural Computation},
  volume={15},
  number={6},
  pages={1321--1340},
  year={2003},
  publisher={MIT Press}
}

@article{Kumar2008,
  title={Conditions for propagating synchronous spiking and asynchronous firing rates in a cortical network model},
  author={Kumar, Arvind and Rotter, Stefan and Aertsen, Ad},
  journal={Journal of Neuroscience},
  volume={28},
  number={20},
  pages={5268--5280},
  year={2008},
  publisher={Soc Neuroscience}
}

@article{Trengove2013,
  title={High-capacity embedding of synfire chains in a cortical network model},
  author={Trengove, Chris and van Leeuwen, Cees and Diesmann, Markus},
  journal={Journal of Computational Neuroscience},
  volume={34},
  number={2},
  pages={185--209},
  year={2013},
  publisher={Springer}
}

@article{Stark2015,
  title={Local generation of multineuronal spike sequences in the hippocampal {CA1} region},
  author={Stark, Eran and Roux, Lisa and Eichler, Ronny and Buzs{\'a}ki, Gy{\"o}rgy},
  journal={Proceedings of the National Academy of Sciences},
  volume={112},
  number={33},
  pages={10521--10526},
  year={2015},
  publisher={National Acad Sciences}
}

@article{Wilson1993,
  title={Dynamics of the Hippocampal Ensemble Code for Space},
  author={Wilson, MA and McNaughton, BL},
  journal={Science},
  volume={261},
  number={5124},
  pages={1055--1058},
  year={1993},
  publisher={American Association for The Advancement of Science, Washington, USA}
}

@article{Litwin2012,
  title={Slow dynamics and high variability in balanced cortical networks with clustered connections},
  author={Litwin-Kumar, Ashok and Doiron, Brent},
  journal={Nature Neuroscience},
  volume={15},
  number={11},
  pages={1498--1505},
  year={2012},
  publisher={Nature Publishing Group}
}

@article{Murphy2009,
  title={Balanced amplification: a new mechanism of selective amplification of neural activity patterns},
  author={Murphy, Brendan K and Miller, Kenneth D},
  journal={Neuron},
  volume={61},
  number={4},
  pages={635--648},
  year={2009},
  publisher={Elsevier}
}

@article{Hennequin2012,
  title={Non-normal amplification in random balanced neuronal networks},
  author={Hennequin, Guillaume and Vogels, Tim P and Gerstner, Wulfram},
  journal={Physical Review E},
  volume={86},
  number={1},
  pages={011909},
  year={2012},
  publisher={APS}
}

@article{Mehring2003,
  title={Activity dynamics and propagation of synchronous spiking in locally connected random networks},
  author={Mehring, Carsten and Hehl, Ulrich and Kubo, Masayoshi and Diesmann, Markus and Aertsen, Ad},
  journal={Biological Cybernetics},
  volume={88},
  number={5},
  pages={395--408},
  year={2003},
  publisher={Springer}
}

@article{Aviel2004,
  title={Synfire waves in small balanced networks},
  author={Aviel, Yuval and Horn, David and Abeles, Moshe},
  journal={Neurocomputing},
  volume={58},
  pages={123--127},
  year={2004},
  publisher={Elsevier}
}

@article{Kumar2010,
  title={Spiking activity propagation in neuronal networks: reconciling different perspectives on neural coding},
  author={Kumar, Arvind and Rotter, Stefan and Aertsen, Ad},
  journal={Nature Reviews Neuroscience},
  volume={11},
  number={9},
  pages={615--627},
  year={2010},
  publisher={Nature Publishing Group}
}

@article{Hasselmo1995,
  title={Dynamics of learning and recall at excitatory recurrent synapses and cholinergic modulation in rat hippocampal region {CA3}},
  author={Hasselmo, Michael E and Schnell, Eric and Barkai, Edi},
  journal={Journal of Neuroscience},
  volume={15},
  number={7},
  pages={5249--5262},
  year={1995},
  publisher={Soc Neuroscience}
}

@article{Thomas2015,
  title={Neuromodulatory signaling in hippocampus-dependent memory retrieval},
  author={Thomas, Steven A},
  journal={Hippocampus},
  volume={25},
  number={4},
  pages={415--431},
  year={2015},
  publisher={Wiley Online Library}
}

@article{Atwood1999,
  title={Silent synapses in neural plasticity: current evidence},
  author={Atwood, Harold L and Wojtowicz, J Martin},
  journal={Learning \& Memory},
  volume={6},
  number={6},
  pages={542--571},
  year={1999},
  publisher={Cold Spring Harbor Lab}
}

@article{Hanse2013,
  title={{AMPA}-silent synapses in brain development and pathology},
  author={Hanse, Eric and Seth, Henrik and Riebe, Ilse},
  journal={Nature Reviews Neuroscience},
  volume={14},
  number={12},
  pages={839--850},
  year={2013},
  publisher={Nature Research}
}

@article{Bliss1973,
  title={Long-lasting potentiation of synaptic transmission in the dentate area of the anaesthetized rabbit following stimulation of the perforant path},
  author={Bliss, Tim VP and L{\o}mo, Terje},
  journal={Journal of Physiology},
  volume={232},
  number={2},
  pages={331--356},
  year={1973},
  publisher={Wiley Online Library}
}

@article{Malenka2004,
  title={{LTP} and {LTD}: an embarrassment of riches},
  author={Malenka, Robert C and Bear, Mark F},
  journal={Neuron},
  volume={44},
  number={1},
  pages={5--21},
  year={2004},
  publisher={Elsevier}
}

@article{Karlsson2009,
  title={Awake replay of remote experiences in the hippocampus},
  author={Karlsson, Mattias P and Frank, Loren M},
  journal={Nature Neuroscience},
  volume={12},
  number={7},
  pages={913--918},
  year={2009},
  publisher={Nature Publishing Group}
}

@article{Litwin2014,
  title={Formation and maintenance of neuronal assemblies through synaptic plasticity},
  author={Litwin-Kumar, Ashok and Doiron, Brent},
  journal={Nature Communications},
  volume={5},
  pages={5319},
  year={2014},
  publisher={Nature Publishing Group}
}

@article{Sadeh2015,
  title={Emergence of functional specificity in balanced networks with synaptic plasticity},
  author={Sadeh, Sadra and Clopath, Claudia and Rotter, Stefan},
  journal={PLoS Computational Biology},
  volume={11},
  number={6},
  pages={e1004307},
  year={2015},
  publisher={Public Library of Science}
}

@article{Moldakarimov2015,
  title={Feedback stabilizes propagation of synchronous spiking in cortical neural networks},
  author={Moldakarimov, Samat and Bazhenov, Maxim and Sejnowski, Terrence J},
  journal={Proceedings of the National Academy of Sciences},
  volume={112},
  number={8},
  pages={2545--2550},
  year={2015},
  publisher={National Acad Sciences}
}

@article{Cateau2001,
  title={Fokker--{P}lanck approach to the pulse packet propagation in synfire chain},
  author={C{\^a}teau, Hideyuki and Fukai, Tomoki},
  journal={Neural Networks},
  volume={14},
  number={6},
  pages={675--685},
  year={2001},
  publisher={Elsevier}
}

@book{Gerstner2002,
  title={Spiking neuron models: Single neurons, populations, plasticity},
  author={Gerstner, Wulfram and Kistler, Werner M},
  year={2002},
  publisher={Cambridge university press}
}

@article{Monasson2014,
  title={Crosstalk and transitions between multiple spatial maps in an attractor neural network model of the hippocampus: Collective motion of the activity},
  author={Monasson, R{\'e}mi and Rosay, Sophie},
  journal={Physical Review E},
  volume={89},
  number={3},
  pages={032803},
  year={2014},
  publisher={APS}
}

@article{Klampfl2013,
  title={Emergence of dynamic memory traces in cortical microcircuit models through {STDP}},
  author={Klampfl, Stefan and Maass, Wolfgang},
  journal={Journal of Neuroscience},
  volume={33},
  number={28},
  pages={11515--11529},
  year={2013},
  publisher={Soc Neuroscience}
}

@article{Kappel2014,
  title={{STDP} installs in winner-take-all circuits an online approximation to hidden {M}arkov model learning},
  author={Kappel, David and Nessler, Bernhard and Maass, Wolfgang},
  journal={PLoS Computational Biology},
  volume={10},
  number={3},
  pages={e1003511},
  year={2014},
  publisher={Public Library of Science}
}

@article{Mostafa2014,
  title={Sequential activity in asymmetrically coupled winner-take-all circuits},
  author={Mostafa, Hesham and Indiveri, Giacomo},
  journal={Neural Computation},
  volume={26},
  pages={1973--2004},
  year={2014},
  publisher={MIT Press}
}

@article{Hahn2014,
  title={Communication through resonance in spiking neuronal networks},
  author={Hahn, Gerald and Bujan, Alejandro F and Fr{\'e}gnac, Yves and Aertsen, Ad and Kumar, Arvind},
  journal={PLoS Computational Biology},
  volume={10},
  number={8},
  pages={e1003811},
  year={2014},
  publisher={Public Library of Science}
}

@article{Omura2015,
  title={A lognormal recurrent network model for burst generation during hippocampal sharp waves},
  author={Omura, Yoshiyuki and Carvalho, Milena M and Inokuchi, Kaoru and Fukai, Tomoki},
  journal={Journal of Neuroscience},
  volume={35},
  number={43},
  pages={14585--14601},
  year={2015},
  publisher={Soc Neuroscience}
}

@article{Taxidis2012,
  title={Modeling sharp wave-ripple complexes through a {CA3}--{CA1} network model with chemical synapses},
  author={Taxidis, Jiannis and Coombes, Stephen and Mason, Robert and Owen, Markus R},
  journal={Hippocampus},
  volume={22},
  number={5},
  pages={995--1017},
  year={2012},
  publisher={Wiley Online Library}
}

@article{Malerba2016,
  title={Hippocampal {CA1} Ripples as Inhibitory Transients},
  author={Malerba, Paola and Krishnan, Giri P and Fellous, Jean-Marc and Bazhenov, Maxim},
  journal={PLoS Computational Biology},
  volume={12},
  number={4},
  pages={e1004880},
  year={2016},
  publisher={Public Library of Science}
}

@article{Azizi2013,
  title={A computational model for preplay in the hippocampus},
  author={Azizi, Amir Hossein and Wiskott, Laurenz and Cheng, Sen},
  journal={Frontiers in Computational Neuroscience},
  volume={7},
  pages={161},
  year={2013},
  publisher={Frontiers}
}

@article{Hamzei2007,
  title={Gap junctions on hippocampal mossy fiber axons demonstrated by thin-section electron microscopy and freeze--fracture replica immunogold labeling},
  author={Hamzei-Sichani, Farid and Kamasawa, Naomi and Janssen, William GM and Yasumura, Thomas and Davidson, Kimberly GV and Hof, Patrick R and Wearne, Susan L and Stewart, Mark G and Young, Steven R and Whittington, Miles A and others},
  journal={Proceedings of the National Academy of Sciences},
  volume={104},
  number={30},
  pages={12548--12553},
  year={2007},
  publisher={National Acad Sciences}
}

@article{Leibold2006,
  title={Memory capacity for sequences in a recurrent network with biological constraints},
  author={Leibold, Christian and Kempter, Richard},
  journal={Neural Computation},
  volume={18},
  number={4},
  pages={904--941},
  year={2006},
  publisher={MIT Press}
}

@article{Rapp1996,
  title={Preserved neuron number in the hippocampus of aged rats with spatial learning deficits},
  author={Rapp, Peter R and Gallagher, Michela},
  journal={Proceedings of the National Academy of Sciences},
  volume={93},
  number={18},
  pages={9926--9930},
  year={1996},
  publisher={National Acad Sciences}
}

@inproceedings{Horn2000,
  title={Distributed synchrony of spiking neurons in a {H}ebbian cell assembly},
  author={Levy, David Horn Nir and Ruppin, Isaac Meilijson Eytan},
  booktitle={Advances in Neural Information Processing Systems 12: Proceedings of the 1999 Conference},
  volume={12},
  pages={129},
  year={2000},
  organization={MIT Press}
}

@article{Morrison2007,
  title={Spike-timing-dependent plasticity in balanced random networks},
  author={Morrison, Abigail and Aertsen, Ad and Diesmann, Markus},
  journal={Neural Computation},
  volume={19},
  number={6},
  pages={1437--1467},
  year={2007},
  publisher={MIT Press}
}

@article{Lazar2009,
  title={{SORN}: a self-organizing recurrent neural network},
  author={Lazar, Andreea and Pipa, Gordon and Triesch, Jochen},
  journal={Frontiers in Computational Neuroscience},
  volume={3},
  pages={23},
  year={2009},
  publisher={Frontiers}
}

@article{Bush2010,
  title={Dual coding with {STDP} in a spiking recurrent neural network model of the hippocampus},
  author={Bush, Daniel and Philippides, Andrew and Husbands, Phil and O'Shea, Michael},
  journal={PLoS Computational Biology},
  volume={6},
  number={7},
  pages={e1000839},
  year={2010},
  publisher={Public Library of Science}
}

@article{Pfister2006,
  title={Triplets of spikes in a model of spike-timing-dependent plasticity},
  author={Pfister, Jean-Pascal and Gerstner, Wulfram},
  journal={Journal of Neuroscience},
  volume={26},
  number={38},
  pages={9673--9682},
  year={2006},
  publisher={Soc Neuroscience}
}

@article{Clopath2010,
  title={Connectivity reflects coding: a model of voltage-based {STDP} with homeostasis},
  author={Clopath, Claudia and B{\"u}sing, Lars and Vasilaki, Eleni and Gerstner, Wulfram},
  journal={Nature Neuroscience},
  volume={13},
  number={3},
  pages={344--352},
  year={2010},
  publisher={Nature Research}
}

@article{Graupner2012,
  title={Calcium-based plasticity model explains sensitivity of synaptic changes to spike pattern, rate, and dendritic location},
  author={Graupner, Michael and Brunel, Nicolas},
  journal={Proceedings of the National Academy of Sciences},
  volume={109},
  number={10},
  pages={3991--3996},
  year={2012},
  publisher={National Acad Sciences}
}

@article{Zenke2015,
  title={Diverse synaptic plasticity mechanisms orchestrated to form and retrieve memories in spiking neural networks},
  author={Zenke, Friedemann and Agnes, Everton J and Gerstner, Wulfram},
  journal={Nature Communications},
  volume={6},
  year={2015},
  publisher={Nature Publishing Group}
}

@article{Sadovsky2013,
  title={Scaling of topologically similar functional modules defines mouse primary auditory and somatosensory microcircuitry},
  author={Sadovsky, Alexander J and MacLean, Jason N},
  journal={Journal of Neuroscience},
  volume={33},
  number={35},
  pages={14048--14060},
  year={2013},
  publisher={Soc Neuroscience}
}

@article{Waddington2012,
  title={Triphasic spike-timing-dependent plasticity organizes networks to produce robust sequences of neural activity},
  author={Waddington, Amelia and Appleby, Peter A and De Kamps, Marc and Cohen, Netta},
  journal={Frontiers in Computational Neuroscience},
  volume={6},
  pages={88},
  year={2012},
  publisher={Frontiers}
}

@article{Brea2013,
  title={Matching recall and storage in sequence learning with spiking neural networks},
  author={Brea, Johanni and Senn, Walter and Pfister, Jean-Pascal},
  journal={Journal of Neuroscience},
  volume={33},
  number={23},
  pages={9565--9575},
  year={2013},
  publisher={Soc Neuroscience}
}

@article{Rezende2014,
  title={Stochastic variational learning in recurrent spiking networks},
  author={Jimenez Rezende, Danilo and Gerstner, Wulfram},
  journal={Frontiers in Computational Neuroscience},
  volume={8},
  pages={38},
  year={2014},
}
  
@article{Scarpetta2014,
  title={Alternation of up and down states at a dynamical phase-transition of a neural network with spatiotemporal attractors},
  author={Scarpetta, Silvia and de Candia, Antonio},
  journal={Frontiers in Systems Neuroscience},
  year={2014},
  volume={8},
  pages={88},
  publisher={Frontiers Media SA}
}

@article{Hasselmo1999,
  title={Neuromodulation: acetylcholine and memory consolidation},
  author={Hasselmo, Michael E},
  journal={Trends in Cognitive Sciences},
  volume={3},
  number={9},
  pages={351--359},
  year={1999},
  publisher={Elsevier}
}

@article{Halff2014,
  title={A novel mechanism for nicotinic potentiation of glutamatergic synapses},
  author={Halff, Andrew W and G{\'o}mez-Varela, David and John, Danielle and Berg, Darwin K},
  journal={Journal of Neuroscience},
  volume={34},
  number={6},
  pages={2051--2064},
  year={2014},
  publisher={Soc Neuroscience}
}

@article{Marrosu1995,
  title={Microdialysis measurement of cortical and hippocampal acetylcholine release during sleep-wake cycle in freely moving cats},
  author={Marrosu, Francesco and Portas, Chiara and Mascia, Maria Stefania and Casu, Maria Antonietta and F{\`a}, Mauro and Giagheddu, Marcello and Imperato, Assunta and Gessa, Gian Luigi},
  journal={Brain Research},
  volume={671},
  number={2},
  pages={329--332},
  year={1995},
  publisher={Elsevier}
}

@article{ChengS2013,
  title={The {CRISP} theory of hippocampal function in episodic memory},
  author={Cheng, Sen},
  journal={Frontiers in Neural Circuits},
  volume={7},
  pages={88},
  year={2013},
  publisher={Frontiers}
}

@article{Kullmann2011,
  title={Interneuron networks in the hippocampus},
  author={Kullmann, Dimitri M},
  journal={Current Opinion in Neurobiology},
  volume={21},
  number={5},
  pages={709--716},
  year={2011},
  publisher={Elsevier}
}

@article{Diekelmann2010,
  title={The memory function of sleep},
  author={Diekelmann, Susanne and Born, Jan},
  journal={Nature Reviews Neuroscience},
  volume={11},
  number={2},
  pages={114--126},
  year={2010},
  publisher={Nature Publishing Group}
}

@article{Goodman2009,
  title={The {B}rian simulator},
  author={Goodman, Dan FM and Brette, Romain},
  journal={Frontiers in Neuroscience},
  volume={3},
  pages={26},
  year={2009},
  publisher={Frontiers}
}

@article{Leibold2008,
  title={Sparseness constrains the prolongation of memory lifetime via synaptic metaplasticity},
  author={Leibold, Christian and Kempter, Richard},
  journal={Cerebral Cortex},
  volume={18},
  number={1},
  pages={67--77},
  year={2008},
  publisher={Oxford Univ Press}
}

@article{Okun2008,
  title={Instantaneous correlation of excitation and inhibition during ongoing and sensory-evoked activities},
  author={Okun, Michael and Lampl, Ilan},
  journal={Nature Neuroscience},
  volume={11},
  number={5},
  pages={535--537},
  year={2008},
  publisher={Nature Publishing Group}
}

@article{Cafaro2010,
  title={Noise correlations improve response fidelity and stimulus encoding},
  author={Cafaro, Jon and Rieke, Fred},
  journal={Nature},
  volume={468},
  number={7326},
  pages={964--967},
  year={2010},
  publisher={Nature Publishing Group}
}

@article{Xue2014,
  title={Equalizing excitation-inhibition ratios across visual cortical neurons},
  author={Xue, Mingshan and Atallah, Bassam V and Scanziani, Massimo},
  journal={Nature},
  volume={511},
  number={7511},
  pages={596--600},
  year={2014},
  publisher={Nature Research}
}

@article{vanVreeswijk1996,
  title={Chaos in neuronal networks with balanced excitatory and inhibitory activity},
  author={van Vreeswijk, Carl and Sompolinsky, Haim},
  journal={Science},
  volume={274},
  number={5293},
  pages={1724--1724},
  year={1996},
  publisher={The American Association for the Advancement of Science}
}

@article{vanVreeswijk1998,
  title={Chaotic balanced state in a model of cortical circuits},
  author={van Vreeswijk, Carl and Sompolinsky, Haim},
  journal={Neural Computation},
  volume={10},
  number={6},
  pages={1321--1371},
  year={1998},
  publisher={MIT Press}
}

@article{Softky1993,
  title={The highly irregular firing of cortical cells is inconsistent with temporal integration of random {EPSP}s},
  author={Softky, William R and Koch, Christof},
  journal={Journal of Neuroscience},
  volume={13},
  number={1},
  pages={334--350},
  year={1993},
  publisher={Soc Neuroscience}
}

@article{Poe2010,
  title={Cognitive neuroscience of sleep},
  author={Poe, Gina R and Walsh, Christine M and Bjorness, Theresa E},
  journal={Progress in Brain Research},
  volume={185},
  pages={1},
  year={2010},
  publisher={NIH Public Access}
}

@article{Renart2007,
  title={Mean-driven and fluctuation-driven persistent activity in recurrent networks},
  author={Renart, Alfonso and Moreno-Bote, Rub{\'e}n and Wang, Xiao-Jing and Parga, N{\'e}stor},
  journal={Neural Computation},
  volume={19},
  number={1},
  pages={1--46},
  year={2007},
  publisher={MIT Press}
}

@article{Roudi2007,
  title={A balanced memory network},
  author={Roudi, Yasser and Latham, Peter E},
  journal={PLoS Computational Biology},
  volume={3},
  number={9},
  pages={e141},
  year={2007},
  publisher={Public Library of Science}
}

@article{Tsodyks1997,
  title={The neural code between neocortical pyramidal neurons depends on neurotransmitter release probability},
  author={Tsodyks, Misha V and Markram, Henry},
  journal={Proceedings of the National Academy of Sciences},
  volume={94},
  number={2},
  pages={719--723},
  year={1997},
  publisher={National Acad Sciences}
}

@article{Barbieri2008,
  title={Can attractor network models account for the statistics of firing during persistent activity in prefrontal cortex?},
  author={Barbieri, Francesca and Brunel, Nicolas},
  journal={Frontiers in Neuroscience},
  volume={2},
  pages={114-122},
  year={2008},
  publisher={Frontiers}
}

@article{Damour2015,
  title={Inhibitory and excitatory spike-timing-dependent plasticity in the auditory cortex},
  author={D’amour, James A and Froemke, Robert C},
  journal={Neuron},
  volume={86},
  number={2},
  pages={514--528},
  year={2015},
  publisher={Elsevier}
}

@article{Kowalski2015,
  title={Intrinsic membrane properties determine hippocampal differential firing pattern \textit{in vivo} in anesthetized rats},
  author={Kowalski, Janina and Gan, Jian and Jonas, Peter and Pern{\'\i}a-Andrade, Alejandro J},
  journal={Hippocampus},
  volume={26},
  pages={668--682},
  year={2015},
  publisher={Wiley Online Library}
}

@article{Felsen2005,
  title={Cortical sensitivity to visual features in natural scenes},
  author={Felsen, Gidon and Touryan, Jon and Han, Feng and Dan, Yang},
  journal={PLoS Biology},
  volume={3},
  number={10},
  pages={e342},
  year={2005},
  publisher={Public Library of Science}
}

@article{Cheng2013,
  title={Rigid firing sequences undermine spatial memory codes in a neurodegenerative mouse model},
  author={Cheng, Jingheng and Ji, Daoyun},
  journal={eLife},
  volume={2},
  pages={e00647},
  year={2013},
  publisher={eLife Sciences Publications Limited}
}

@article{Kammerer2013,
  title={Inhibition enhances memory capacity: optimal feedback, transient replay and oscillations},
  author={Kammerer, Axel and Tejero-Cantero, {\'A}lvaro and Leibold, Christian},
  journal={Journal of Computational Neuroscience},
  volume={34},
  number={1},
  pages={125--136},
  year={2013},
  publisher={Springer}
}

@article{Gerstner1995,
  title={Time structure of the activity in neural network models},
  author={Gerstner, Wulfram},
  journal={Physical Review E},
  volume={51},
  number={1},
  pages={738--758},
  year={1995},
  publisher={APS}
}

@article{Goedeke2008,
  title={The mechanism of synchronization in feed-forward neuronal networks},
  author={Goedeke, Sonja and Diesmann, Markus},
  journal={New Journal of Physics},
  volume={10},
  number={1},
  pages={015007},
  year={2008},
  publisher={IOP Publishing}
}

@book{Ricciardi2013,
  title={Diffusion processes and related topics in biology},
  author={Ricciardi, Luigi M},
  volume={14},
  year={2013 (1977)},
  publisher={Springer Science \& Business Media}
}

@article{Amit1997,
  title={Model of global spontaneous activity and local structured activity during delay periods in the cerebral cortex.},
  author={Amit, Daniel J and Brunel, Nicolas},
  journal={Cerebral Cortex},
  volume={7},
  number={3},
  pages={237--252},
  year={1997},
  publisher={Oxford Univ Press}
}

@article{Brunel2000,
  title={Dynamics of sparsely connected networks of excitatory and inhibitory spiking neurons},
  author={Brunel, Nicolas},
  journal={Journal of Computational Neuroscience},
  volume={8},
  number={3},
  pages={183--208},
  year={2000},
  publisher={Springer}
}

@article{Vogels2011,
  title={Inhibitory plasticity balances excitation and inhibition in sensory pathways and memory networks},
  author={Vogels, Tim P and Sprekeler, Henning and Zenke, Friedemann and Clopath, Claudia and Gerstner, Wulfram},
  journal={Science},
  volume={334},
  number={6062},
  pages={1569--1573},
  year={2011},
  publisher={American Association for the Advancement of Science}
}

@article{Chenkov2017,
  title={Memory replay in balanced recurrent networks},
  author={Chenkov, Nikolay and Sprekeler, Henning and Kempter, Richard},
  journal={PLoS Computational Biology},
  volume={13},
  number={1},
  pages={e1005359},
  year={2017},
  publisher={Public Library of Science}
}

