@comment{x-kbibtex-personnameformatting=<%l><, %f>}

@article{romani2015,
  title={Short-term plasticity based network model of place cells dynamics},
  author={Romani, Sandro and Tsodyks, Misha},
  journal={Hippocampus},
  volume={25},
  number={1},
  pages={94--105},
  year={2015},
  publisher={Wiley Online Library}
}

@article{Brown1978,
  title={Distribution of {GABA}-receptors and {GABA}-carriers in the mammalian nervous system.},
  author={Brown, DA and Adams, PR and Higgins, AJ and Marsh, S},
  journal={Journal de Physiologie},
  volume={75},
  number={6},
  pages={667--671},
  year={1978}
}

@article{Ben1994,
  title={$\gamma$-{A}minobutyric acid ({GABA}): a fast excitatory transmitter which may regulate the development of hippocampal neurones in early postnatal life},
  author={Ben-Ari, Y and Tseeb, V and Raggozzino, D and Khazipov, R and Gaiarsa, JL},
  journal={Progress in Brain Research},
  volume={102},
  pages={261--273},
  year={1994},
  publisher={Elsevier}
}

@article{Scanziani2000,
  title={{GABA} spillover activates postsynaptic $\rm {GABA}_{B}$ receptors to control rhythmic hippocampal activity},
  author={Scanziani, Massimo},
  journal={Neuron},
  volume={25},
  number={3},
  pages={673--681},
  year={2000},
  publisher={Elsevier}
}

@article{Hollnagel2014,
  title={$\rm {GABA}_{B}$ receptor dependent modulation of sharp wave-ripple complexes in the rat hippocampus \textit{in vitro}},
  author={Hollnagel, Jan Oliver and Maslarova, Anna and ul Haq, Rizwan and Heinemann, Uwe},
  journal={Neuroscience Letters},
  volume={574},
  pages={15--20},
  year={2014},
  publisher={Elsevier}
}

@articLe{lang2014,
  title={Regulating hippocampal hyperexcitability through $\rm {GABA}_{B}$ Receptors},
  author={Lang, Min and Moradi-Chameh, Homeira and Zahid, Tariq and Gane, Jonathan and Wu, Chiping and Valiante, Taufik and Zhang, Liang},
  journal={Physiological Reports},
  volume={2},
  number={4},
  pages={e00278},
  year={2014},
  publisher={Am Physiological Soc}
}

@article{Cohen2004,
  title={Extracellular calcium depletion in synaptic transmission},
  author={Cohen, Jonathan E and Fields, R Douglas},
  journal={The Neuroscientist},
  volume={10},
  number={1},
  pages={12--17},
  year={2004},
  publisher={SAGE Publications}
}

@article{Jones2007,
  title={Desynchronization of glutamate release prolongs synchronous {CA3} network activity},
  author={Jones, Jethro and Stubblefield, Elizabeth A and Benke, Timothy A and Staley, Kevin J},
  journal={Journal of Neurophysiology},
  volume={97},
  number={5},
  pages={3812--3818},
  year={2007},
  publisher={Am Physiological Soc}
}

@article{Nimmrich2005,
  title={Induced sharp wave-ripple complexes in the absence of synaptic inhibition in mouse hippocampal slices},
  author={Nimmrich, Volker and Maier, Nikolaus and Schmitz, Dietmar and Draguhn, Andreas},
  journal={Journal of Physiology},
  volume={563},
  number={3},
  pages={663--670},
  year={2005},
  publisher={Wiley Online Library}
}

@article{Bai2001,
  title={Distinct functional and pharmacological properties of tonic and quantal inhibitory postsynaptic currents mediated by $\gamma$-aminobutyric acid{A} receptors in hippocampal neurons},
  author={Bai, Donglin and Zhu, Guoyun and Pennefather, Peter and Jackson, Michael F and MacDonald, John F and Orser, Beverley A},
  journal={Molecular Pharmacology},
  volume={59},
  number={4},
  pages={814--824},
  year={2001},
  publisher={ASPET}
}

@article{Yeung2003,
  title={Tonically activated $\rm {GABA}_{A}$ receptors in hippocampal neurons are high-affinity, low-conductance sensors for extracellular {GABA}},
  author={Yeung, Jacky YT and Canning, Kevin J and Zhu, Guoyun and Pennefather, Peter and MacDonald, John F and Orser, Beverley A},
  journal={Molecular Pharmacology},
  volume={63},
  number={1},
  pages={2--8},
  year={2003},
  publisher={ASPET}
}

@article{Behrens2007,
  title={Effects of the $\rm {GABA}_{A}$ receptor antagonists bicuculline and gabazine on stimulus-induced sharp wave-ripple complexes in adult rat hippocampus \textit{in vitro}},
  author={Behrens, CJ and Van Den Boom, LP and Heinemann, U},
  journal={European Journal of Neuroscience},
  volume={25},
  number={7},
  pages={2170--2181},
  year={2007},
  publisher={Wiley Online Library}
}

@article{Wang2010,
  title={$\rm {GABA}_{B}$ receptor-dependent modulation of network activity in the rat prefrontal cortex \textit{in vitro}},
  author={Wang, Ying and Neubauer, Florian B and L{\"u}scher, Hans-Rudolf and Thurley, Kay},
  journal={European Journal of Neuroscience},
  volume={31},
  number={9},
  pages={1582--1594},
  year={2010},
  publisher={Wiley Online Library}
}

@article{Maier2011,
  title={Coherent phasic excitation during hippocampal ripples},
  author={Maier, Nikolaus and Tejero-Cantero, {\'A}lvaro and Dorrn, Anja L and Winterer, Jochen and Beed, Prateep S and Morris, Genela and Kempter, Richard and Poulet, James FA and Leibold, Christian and Schmitz, Dietmar},
  journal={Neuron},
  volume={72},
  number={1},
  pages={137--152},
  year={2011},
  publisher={Elsevier}
}

@article{Ellender2010,
  title={Priming of hippocampal population bursts by individual perisomatic-targeting interneurons},
  author={Ellender, Tommas J and Nissen, Wiebke and Colgin, Laura L and Mann, Edward O and Paulsen, Ole},
  journal={Journal of Neuroscience},
  volume={30},
  number={17},
  pages={5979--5991},
  year={2010},
  publisher={Soc Neuroscience}
}

@article{Hulse2016,
  title={Membrane potential dynamics of {CA1} pyramidal neurons during hippocampal ripples in awake mice},
  author={Hulse, Brad K and Moreaux, Laurent C and Lubenov, Evgueniy V and Siapas, Athanassios G},
  journal={Neuron},
  volume={89},
  number={4},
  pages={800--813},
  year={2016},
  publisher={Elsevier}
}

@article{Bazelot2016,
  title={Single {CA}3 pyramidal cells trigger sharp waves \textit{in vitro} by exciting interneurones},
  author={Bazelot, Micha{\"e}l and Tele{\'n}czuk, Maria T and Miles, Richard},
  journal={Journal of Physiology},
  year={2016},
  volume={594},
  number={10},
  pages={2565--2577},
  publisher={Wiley Online Library}
}

@article{Cohen2002,
  title={On the origin of interictal activity in human temporal lobe epilepsy \textit{in vitro}},
  author={Cohen, Ivan and Navarro, Vincent and Clemenceau, St{\'e}phane and Baulac, Michel and Miles, Richard},
  journal={Science},
  volume={298},
  number={5597},
  pages={1418--1421},
  year={2002},
  publisher={American Association for the Advancement of Science}
}

@article{Gulledge2003,
  title={Excitatory actions of {GABA} in the cortex},
  author={Gulledge, Allan T and Stuart, Greg J},
  journal={Neuron},
  volume={37},
  number={2},
  pages={299--309},
  year={2003},
  publisher={Elsevier}
}

@article{Banke2006,
  title={{GABA}ergic input onto {CA}3 hippocampal interneurons remains shunting throughout development},
  author={Banke, Tue G and McBain, Chris J},
  journal={Journal of Neuroscience},
  volume={26},
  number={45},
  pages={11720--11725},
  year={2006},
  publisher={Soc Neuroscience}
}

@article{Szabadics2006,
  title={Excitatory effect of {GABA}ergic axo-axonic cells in cortical microcircuits},
  author={Szabadics, J{\'a}nos and Varga, Csaba and Moln{\'a}r, G{\'a}bor and Ol{\'a}h, Szabolcs and Barz{\'o}, P{\'a}l and Tam{\'a}s, G{\'a}bor},
  journal={Science},
  volume={311},
  number={5758},
  pages={233--235},
  year={2006},
  publisher={American Association for the Advancement of Science}
}

@article{Cobb1995,
  title={Synchronization of neuronal activity in hippocampus by individual {GABA}ergic interneurons},
  author={Cobb, SR and Buhl, EH and Halasy, K and Paulsen, O and Somogyi, P},
  journal={Nature},
  volume={378},
  number={6552},
  pages={75},
  year={1995},
  publisher={Nature Publishing Group}
}

@article{Platkiewicz2011,
  title={Impact of fast sodium channel inactivation on spike threshold dynamics and synaptic integration},
  author={Platkiewicz, Jonathan and Brette, Romain},
  journal={PLoS Computational Biology},
  volume={7},
  number={5},
  pages={e1001129},
  year={2011},
  publisher={Public Library of Science}
}

@article{Cobb1997,
  title={Synaptic effects of identified interneurons innervating both interneurons and pyramidal cells in the rat hippocampus},
  author={Cobb, SR and Halasy, K and Vida, I and Ny{\'i}ri, G and Tam{\'a}s, G and Buhl, EH and Somogyi, P},
  journal={Neuroscience},
  volume={79},
  number={3},
  pages={629--648},
  year={1997},
  publisher={Elsevier}
}

@article{Stark2014,
  title={Pyramidal cell-interneuron interactions underlie hippocampal ripple oscillations},
  author={Stark, Eran and Roux, Lisa and Eichler, Ronny and Senzai, Yuta and Royer, Sebastien and Buzs{\'a}ki, Gy{\"o}rgy},
  journal={Neuron},
  volume={83},
  number={2},
  pages={467--480},
  year={2014},
  publisher={Elsevier}
}

@article{Hajos2013,
  title={Input-output features of anatomically identified {CA3} neurons during hippocampal sharp wave/ripple oscillation \textit{in vitro}},
  author={H{\'a}jos, Norbert and Karl{\'o}cai, M{\'a}ria R and N{\'e}meth, Be{\'a}ta and Ulbert, Istv{\'a}n and Monyer, Hannah and Szab{\'o}, G{\'a}bor and Erd{\'e}lyi, Ferenc and Freund, Tam{\'a}s F and Guly{\'a}s, Attila I},
  journal={Journal of Neuroscience},
  volume={33},
  number={28},
  pages={11677--11691},
  year={2013},
  publisher={Soc Neuroscience}
}

@article{Karayannis2010,
  title={Slow {GABA} transient and receptor desensitization shape synaptic responses evoked by hippocampal neurogliaform cells},
  author={Karayannis, Theofanis and Elfant, David and Huerta-Ocampo, Icnelia and Teki, Sundeep and Scott, Ricardo S and Rusakov, Dmitri A and Jones, Mathew V and Capogna, Marco},
  journal={Journal of Neuroscience},
  volume={30},
  number={29},
  pages={9898--9909},
  year={2010},
  publisher={Soc Neuroscience}
}

@article{Csicsvari1999,
  title={Oscillatory coupling of hippocampal pyramidal cells and interneurons in the behaving rat},
  author={Csicsvari, Jozsef and Hirase, Hajime and Czurk{\'o}, Andr{\'a}s and Mamiya, Akira and Buzs{\'a}ki, Gy{\"o}rgy},
  journal={Journal of Neuroscience},
  volume={19},
  number={1},
  pages={274--287},
  year={1999},
  publisher={Soc Neuroscience}
}

@article{English2014,
  title={Excitation and inhibition compete to control spiking during hippocampal ripples: intracellular study in behaving mice},
  author={English, Daniel F and Peyrache, Adrien and Stark, Eran and Roux, Lisa and Vallentin, Daniela and Long, Michael A and Buzs{\'a}ki, Gy{\"o}rgy},
  journal={Journal of Neuroscience},
  volume={34},
  number={49},
  pages={16509--16517},
  year={2014},
  publisher={Soc Neuroscience}
}

@article{Gassmann2012,
  title={Regulation of neuronal $\rm {GABA}_{B}$ receptor functions by subunit composition},
  author={Gassmann, Martin and Bettler, Bernhard},
  journal={Nature Reviews Neuroscience},
  volume={13},
  number={6},
  pages={380--394},
  year={2012},
  publisher={Nature Publishing Group}
}

@article{Fuentealba2008,
  title={Ivy cells: a population of nitric-oxide-producing, slow-spiking {GABA}ergic neurons and their involvement in hippocampal network activity},
  author={Fuentealba, Pablo and Begum, Rahima and Capogna, Marco and Jinno, Shozo and Marton, Laszlo F and Csicsvari, Jozsef and Thomson, Alex and Somogyi, Peter and Klausberger, Thomas},
  journal={Neuron},
  volume={57},
  number={6},
  pages={917--929},
  year={2008},
  publisher={Elsevier}
}

@article{Freund1996,
  title={Interneurons of the hippocampus},
  author={Freund, Tamas F and Buzs{\'a}ki, GY},
  journal={Hippocampus},
  volume={6},
  number={4},
  pages={347--470},
  year={1996},
  publisher={Wiley Online Library}
}

@article{Kraushaar2000,
  title={Efficacy and stability of quantal {GABA} release at a hippocampal interneuron--principal neuron synapse},
  author={Kraushaar, Udo and Jonas, Peter},
  journal={Journal of Neuroscience},
  volume={20},
  number={15},
  pages={5594--5607},
  year={2000},
  publisher={Soc Neuroscience}
}

@article{Schonberger2014,
  title={Lamina-specific contribution of glutamatergic and {GABA}ergic potentials to hippocampal sharp wave-ripple complexes},
  author={Sch{\"o}nberger, Jan and Draguhn, Andreas and Both, Martin},
  journal={Frontiers in Neural Circuits},
  volume={8},
  pages={103},
  year={2014},
  publisher={Frontiers}
}

@article{Nayeem1994,
  title={Quaternary structure of the native $\rm {GABA}_{A}$ receptor determined by electron microscopic image analysis},
  author={Nayeem, N and Green, TP and Martin, IL and Barnard, EA},
  journal={Journal of Neurochemistry},
  volume={62},
  number={2},
  pages={815--818},
  year={1994},
  publisher={Wiley Online Library}
}

@article{Richter2012,
  title={Diazepam-bound $\rm {GABA}_{A}$ receptor models identify new benzodiazepine binding-site ligands},
  author={Richter, Lars and De Graaf, Chris and Sieghart, Werner and Varagic, Zdravko and M{\"o}rzinger, Martina and De Esch, Iwan JP and Ecker, Gerhard F and Ernst, Margot},
  journal={Nature Chemical Biology},
  volume={8},
  number={5},
  pages={455--464},
  year={2012},
  publisher={Nature Research}
}

@article{Sivilotti1991,
  title={{GABA} receptor mechanisms in the central nervous system},
  author={Sivilotti, Lucia and Nistri, Andrea},
  journal={Progress in Neurobiology},
  volume={36},
  number={1},
  pages={35--92},
  year={1991},
  publisher={Pergamon}
}

@article{Kullmann2005,
  title={Presynaptic, extrasynaptic and axonal $\rm {GABA}_{A}$ receptors in the {CNS}: where and why?},
  author={Kullmann, Dimitri M and Ruiz, Arnaud and Rusakov, Dmitri M and Scott, Ricardo and Semyanov, Alexey and Walker, Matthew C},
  journal={Progress in Biophysics and Molecular Biology},
  volume={87},
  number={1},
  pages={33--46},
  year={2005},
  publisher={Elsevier}
}

@article{Frotscher2000,
  title={Evidence for the existence of non-{GABA}ergic, cholinergic interneurons in the rodent hippocampus},
  author={Frotscher, M and Vida, I and Bender, R},
  journal={Neuroscience},
  volume={96},
  number={1},
  pages={27--31},
  year={2000},
  publisher={Elsevier}
}

@article{Kerti2016,
  title={Similar $\rm {GABA}_{A}$ receptor subunit composition in somatic and axon initial segment synapses of hippocampal pyramidal cells},
  author={Kerti-Szigeti, Katalin and Nusser, Zoltan},
  journal={eLife},
  volume={5},
  pages={e18426},
  year={2016},
  publisher={eLife Sciences Publications Limited}
}

@article{Whiting2003,
  title={$\rm {GABA}_{A}$ receptor subtypes in the brain: a paradigm for {CNS} drug discovery?},
  author={Whiting, Paul J},
  journal={Drug Discovery Today},
  volume={8},
  number={10},
  pages={445--450},
  year={2003},
  publisher={Elsevier}
}

@article{Nutt2006,
  title={$\rm {GABA}_{A}$ receptors: subtypes, regional distribution, and function.},
  author={Nutt, David},
  journal={Journal of Clinical Sleep Medicine: JCSM},
  volume={2},
  number={2},
  pages={S7--11},
  year={2006}
}

@article{Bekkers2005,
  title={Presynaptically silent {GABA} synapses in hippocampus},
  author={Bekkers, John M},
  journal={Journal of Neuroscience},
  volume={25},
  number={16},
  pages={4031--4039},
  year={2005},
  publisher={Soc Neuroscience}
}

@article{Farrant2005,
  title={Variations on an inhibitory theme: phasic and tonic activation of $\rm {GABA}_{A}$ receptors},
  author={Farrant, Mark and Nusser, Zoltan},
  journal={Nature Reviews Neuroscience},
  volume={6},
  number={3},
  pages={215--229},
  year={2005},
  publisher={Nature Publishing Group}
}

@article{Leung2006,
  title={$\rm {GABA}_{B}$ receptors inhibit backpropagating dendritic spikes in hippocampal {CA1} pyramidal cells \textit{in vivo}},
  author={Leung, L Stan and Peloquin, Pascal},
  journal={Hippocampus},
  volume={16},
  number={4},
  pages={388--407},
  year={2006},
  publisher={John Wiley \& Sons, Ltd}
}

@article{Gekel2008,
  title={Application of an {E}pac activator enhances neurotransmitter release at excitatory central synapses},
  author={Gekel, Isabella and Neher, Erwin},
  journal={Journal of Neuroscience},
  volume={28},
  number={32},
  pages={7991--8002},
  year={2008},
  publisher={Soc Neuroscience}
}

@article{Kobayashi2012,
  title={Kinetics of $\rm {GABA}_{B}$ autoreceptor-mediated suppression of {GABA} release in rat insular cortex},
  author={Kobayashi, Masayuki and Takei, Hiroki and Yamamoto, Kiyofumi and Hatanaka, Hiroshige and Koshikawa, Noriaki},
  journal={Journal of Neurophysiology},
  volume={107},
  number={5},
  pages={1431--1442},
  year={2012},
  publisher={Am Physiological Soc}
}

@article{Booker2013,
  title={Differential $\rm {GABA}_{B}$-receptor-mediated effects in perisomatic-and dendrite-targeting parvalbumin interneurons},
  author={Booker, Sam A and Gross, Anna and Althof, Daniel and Shigemoto, Ryuichi and Bettler, Bernhard and Frotscher, Michael and Hearing, Matthew and Wickman, Kevin and Watanabe, Masahiko and Kulik, {\'A}kos and others},
  journal={Journal of Neuroscience},
  volume={33},
  number={18},
  pages={7961--7974},
  year={2013},
  publisher={Soc Neuroscience}
}

@article{Lei2003,
  title={$\rm {GABA}_{B}$ receptor modulation of excitatory and inhibitory synaptic transmission onto rat {CA3} hippocampal interneurons},
  author={Lei, Saobo and McBain, Chris J},
  journal={Journal of Physiology},
  volume={546},
  number={2},
  pages={439--453},
  year={2003},
  publisher={Wiley Online Library}
}

@article{Dougherty2012,
  title={Intrinsic excitability of {CA1} pyramidal neurones from the rat dorsal and ventral hippocampus},
  author={Dougherty, Kelly A and Islam, Tasnim and Johnston, Daniel},
  journal={Journal of Physiology},
  volume={590},
  number={22},
  pages={5707--5722},
  year={2012},
  publisher={Wiley Online Library}
}

@article{Oliva2016,
  title={Role of hippocampal {CA2} region in triggering sharp-wave ripples},
  author={Oliva, Azahara and Fern{\'a}ndez-Ruiz, Antonio and Buzs{\'a}ki, Gy{\"o}rgy and Ber{\'e}nyi, Antal},
  journal={Neuron},
  volume={91},
  number={6},
  pages={1342--1355},
  year={2016},
  publisher={Elsevier}
}

@article{Dickinson2002,
  title={Selective synaptic actions of thiopental and its enantiomers},
  author={Dickinson, Robert and de Sousa, Sara LM and Lieb, William R and Franks, Nicholas P},
  journal={Journal of the American Society of Anesthesiologists},
  volume={96},
  number={4},
  pages={884--892},
  year={2002},
  publisher={The American Society of Anesthesiologists}
}

@article{Olsen1991,
  title={Allosteric Actions of Central Nervous System Depressants Including Anesthetics on Subtypes of the Inhibitory $\gamma$-Aminobutyric AcidA Receptor—Chloride Channel Complex},
  author={Olsen, Richard W and Sapp, Douglas M and Bureau, Michel H and Turner, David M and Kokka, Norio},
  journal={Annals of the New York Academy of Sciences},
  volume={625},
  number={1},
  pages={145--154},
  year={1991},
  publisher={Wiley Online Library}
}

@article{Suzuki1988,
  title={Spontaneous {EEG} spikes in the normal hippocampus. V. Effects of ether, urethane, pentobarbital, atropine, diazepam and bicuculline},
  author={Suzuki, Shinya S and Smith, Grant K},
  journal={Electroencephalography and Clinical Neurophysiology},
  volume={70},
  number={1},
  pages={84--95},
  year={1988},
  publisher={Elsevier}
}

@article{Robbe2006,
  title={Cannabinoids reveal importance of spike timing coordination in hippocampal function},
  author={Robbe, David and Montgomery, Sean M and Thome, Alexander and Rueda-Orozco, Pavel E and McNaughton, Bruce L and Buzsaki, Gy{\"o}rgy},
  journal={Nature Neuroscience},
  volume={9},
  number={12},
  pages={1526--1533},
  year={2006},
  publisher={Nature Publishing Group}
}

@article{Ueno1997,
  title={Bicuculline and gabazine are allosteric inhibitors of channel opening of the $\rm {GABA}_{A}$ receptor},
  author={Ueno, Shinya and Bracamontes, John and Zorumski, Chuck and Weiss, David S and Steinbach, Joe Henry},
  journal={Journal of Neuroscience},
  volume={17},
  number={2},
  pages={625--634},
  year={1997},
  publisher={Soc Neuroscience}
}

@article{Papatheodoropoulos2007,
  title={At clinically relevant concentrations the anaesthetic/amnesic thiopental but not the anticonvulsant phenobarbital interferes with hippocampal sharp wave-ripple complexes},
  author={Papatheodoropoulos, Costas and Sotiriou, Evangelos and Kotzadimitriou, Dimitrios and Drimala, Panagiota},
  journal={BMC Neuroscience},
  volume={8},
  number={1},
  pages={60},
  year={2007},
  publisher={BioMed Central}
}

@article{Koniaris2011,
  title={Different effects of zolpidem and diazepam on hippocampal sharp wave—ripple activity \textit{in vitro}},
  author={Koniaris, E and Drimala, P and Sotiriou, E and Papatheodoropoulos, C},
  journal={Neuroscience},
  volume={175},
  pages={224--234},
  year={2011},
  publisher={Elsevier}
}

@article{Hofer2015,
  title={The hippocampal {CA3} region can generate two distinct types of sharp wave-ripple complexes, \textit{in vitro}},
  author={Hofer, Katharina T and Kandr{\'a}cs, {\'A}gnes and Ulbert, Istv{\'a}n and P{\'a}l, Ildik{\'o} and Szab{\'o}, Csilla and H{\'e}ja, L{\'a}szl{\'o} and Wittner, Lucia},
  journal={Hippocampus},
  volume={25},
  number={2},
  pages={169--186},
  year={2015},
  publisher={Wiley Online Library}
}

@article{Maier2012,
  title={Cannabinoids disrupt hippocampal sharp wave-ripples via inhibition of glutamate release},
  author={Maier, Nikolaus and Morris, Genela and Schuchmann, Sebastian and Korotkova, Tatiana and Ponomarenko, Alexey and B{\"o}hm, Claudia and Wozny, Christian and Schmitz, Dietmar},
  journal={Hippocampus},
  volume={22},
  number={6},
  pages={1350--1362},
  year={2012},
  publisher={Wiley Online Library}
}

@article{Kulik2006,
  title={Compartment-dependent colocalization of {K}ir3.2-containing $\rm {K}^+$ channels and $\rm {GABA}_{B}$ receptors in hippocampal pyramidal cells},
  author={Kulik, {\'A}kos and Vida, Imre and Fukazawa, Yugo and Guetg, Nicole and Kasugai, Yu and Marker, Cheryl L and Rigato, Franck and Bettler, Bernhard and Wickman, Kevin and Frotscher, Michael and others},
  journal={Journal of Neuroscience},
  volume={26},
  number={16},
  pages={4289--4297},
  year={2006},
  publisher={Soc Neuroscience}
}

@article{Degro2015,
  title={Compartmental distribution of $\rm {GABA}_{B}$ receptor-mediated currents along the somatodendritic axis of hippocampal principal cells},
  author={Degro, Claudius E and Kulik, Akos and Booker, Sam A and Vida, Imre},
  journal={Frontiers in Synaptic Neuroscience},
  volume={7},
  pages={6},
  year={2015},
  publisher={Frontiers}
}

@article{Sieghart2002,
  title={Subunit composition, distribution and function of $\rm {GABA}_{A}$ receptor subtypes},
  author={Sieghart, W and Sperk, G},
  journal={Current Topics in Medicinal Chemistry},
  volume={2},
  number={8},
  pages={795--816},
  year={2002},
  publisher={Bentham Science Publishers}
}

@article{Boddum2014,
  title={The $\rm {GABA}_{A}$ antagonist {DPP}-4-{PIOL} selectively antagonises tonic over phasic {GABA}ergic currents in dentate gyrus granule cells},
  author={Boddum, Kim and Fr{\o}lund, Bente and Kristiansen, Uffe},
  journal={Neurochemical Research},
  volume={39},
  number={11},
  pages={2078--2084},
  year={2014},
  publisher={Springer}
}

@article{Wang2005,
  title={Effects of {GABA} receptor antagonists on retinal glycine receptors and on homomeric glycine receptor alpha subunits},
  author={Wang, Peiyuan and Slaughter, Malcolm M},
  journal={Journal of Neurophysiology},
  volume={93},
  number={6},
  pages={3120--3126},
  year={2005},
  publisher={Am Physiological Soc}
}

@article{Li2007,
  title={Glycine receptor subunit composition alters the action of {GABA} antagonists},
  author={Li, Ping and Slaughter, Malcolm},
  journal={Visual Neuroscience},
  volume={24},
  number={04},
  pages={513--521},
  year={2007},
  publisher={Cambridge Univ Press}
}

@article{Levi2004,
  title={Gephyrin is critical for glycine receptor clustering but not for the formation of functional {GABA}ergic synapses in hippocampal neurons},
  author={L{\'e}vi, Sabine and Logan, Stephen M and Tovar, Kenneth R and Craig, Ann Marie},
  journal={Journal of Neuroscience},
  volume={24},
  number={1},
  pages={207--217},
  year={2004},
  publisher={Soc Neuroscience}
}

@article{denPol1988,
  title={Glycine and glycine receptor immunoreactivity in brain and spinal cord},
  author={van den Pol, Anthony N and Gorcs, T},
  journal={Journal of Neuroscience},
  volume={8},
  number={2},
  pages={472--492},
  year={1988},
  publisher={Soc Neuroscience}
}

@article{Steidl2006,
  title={The adult rat hippocampal slice revisited with multi-electrode arrays},
  author={Steidl, Esther-Marie and Neveu, Estelle and Bertrand, Daniel and Buisson, Bruno},
  journal={Brain Research},
  volume={1096},
  number={1},
  pages={70--84},
  year={2006},
  publisher={Elsevier}
}

@article{Boileau2005,
  title={Tandem subunits effectively constrain $\rm {GABA}_{A}$ receptor stoichiometry and recapitulate receptor kinetics but are insensitive to $\rm {GABA}_{A}$ receptor-associated protein},
  author={Boileau, Andrew J and Pearce, Robert A and Czajkowski, Cynthia},
  journal={Journal of Neuroscience},
  volume={25},
  number={49},
  pages={11219--11230},
  year={2005},
  publisher={Soc Neuroscience}
}

@article{Benkwitz2004,
  title={Influence of $\rm {GABA}_{A}$ Receptor $\gamma_2$ Splice Variants on Receptor Kinetics and Isoflurane Modulation},
  author={Benkwitz, Claudia and Banks, Matthew I and Pearce, Robert A},
  journal={Journal of the American Society of Anesthesiologists},
  volume={101},
  number={4},
  pages={924--936},
  year={2004},
  publisher={The American Society of Anesthesiologists}
}

@article{Semyanov2004,
  title={Tonically active $\rm {GABA}_{A}$ receptors: modulating gain and maintaining the tone},
  author={Semyanov, Alexey and Walker, Matthew C and Kullmann, Dimitri M and Silver, R Angus},
  journal={Trends in Neurosciences},
  volume={27},
  number={5},
  pages={262--269},
  year={2004},
  publisher={Elsevier}
}

@article{Viney2013,
  title={Network state-dependent inhibition of identified hippocampal {CA3} axo-axonic cells \textit{in vivo}},
  author={Viney, Tim J and Lasztoczi, Balint and Katona, Linda and Crump, Michael G and Tukker, John J and Klausberger, Thomas and Somogyi, Peter},
  journal={Nature Neuroscience},
  volume={16},
  number={12},
  pages={1802--1811},
  year={2013},
  publisher={Nature Research}
}

@article{Trussell1993,
  title={Desensitization of {AMPA} receptors upon multiquantal neurotransmitter release},
  author={Trussell, Laurence O and Zhang, Su and Ramant, Indira M},
  journal={Neuron},
  volume={10},
  number={6},
  pages={1185--1196},
  year={1993},
  publisher={Elsevier}
}

@article {Lopez2004,
author = {L\'{o}pez-Bendito, Guillermina and Shigemoto, Ryuichi and Kulik, Akos and Vida, Imre and Fair\'{e}n, Alfonso and Luj\'{a}n, Rafael},
title = {Distribution of metabotropic {GABA} receptor subunits $\rm {GABA}_{B1a/b}$ and $\rm {GABA}_{B2}$ in the rat hippocampus during prenatal and postnatal development},
journal = {Hippocampus},
volume = {14},
number = {7},
publisher = {Wiley Subscription Services, Inc., A Wiley Company},
issn = {1098-1063},
url = {http://dx.doi.org/10.1002/hipo.10221},
doi = {10.1002/hipo.10221},
pages = {836--848},
keywords = {$\rm {GABA}_{B}$, immunohistochemistry, synapse, electron microscopy, development, light microscopy, inhibition},
year = {2004},
}

@article{Knowles1984,
  title={Hyperpolarizing potentials in guinea pig hippocampal {CA3} neurons},
  author={Knowles, W Douglas and Schneiderman, Jacob H and Wheal, Howard V and Stafstrom, Carl E and Schwartzkroin, Philip A},
  journal={Cellular and Molecular Neurobiology},
  volume={4},
  number={3},
  pages={207--230},
  year={1984},
  publisher={Springer}
}

@article{Brenowitz1998,
  title={Enhancement of synaptic efficacy by presynaptic $\rm {GABA}_{B}$ receptors},
  author={Brenowitz, Stephan and David, Jeannie and Trussell, Laurence},
  journal={Neuron},
  volume={20},
  number={1},
  pages={135--141},
  year={1998},
  publisher={Elsevier}
}

@article{Wetherington2002,
  title={$\rm {GABA}_{B}$ receptor activation desensitizes postsynaptic $\rm {GABA}_{B}$ and {A}1 adenosine responses in rat hippocampal neurones},
  author={Wetherington, Jonathon P and Lambert, Nevin A},
  journal={Journal of Physiology},
  volume={544},
  number={2},
  pages={459--467},
  year={2002},
  publisher={Wiley Online Library}
}

@article{Schwenk2010,
  title={$\rm {GABA}_{B}$ receptors are heteromultimers with a family of auxiliary subunits},
  author={Schwenk, J and Metz, M and Zolles, G and Turecek, R and Bildl, W and Tarusawa, E and Kulik, A and Unger, A and Gassmann, M and Schulte, U and others},
  journal={The Febs Journal},
  volume={277},
  pages={85--86},
  year={2010}
}

@article{Norman2006,
  title={How inhibitory oscillations can train neural networks and punish competitors},
  author={Norman, Kenneth A and Newman, Ehren and Detre, Greg and Polyn, Sean},
  journal={Neural Computation},
  volume={18},
  number={7},
  pages={1577--1610},
  year={2006},
  publisher={MIT Press}
}

@article{Klausberger2003,
  title={Brain-state-and cell-type-specific firing of hippocampal interneurons \textit{in vivo}},
  author={Klausberger, Thomas and Magill, Peter J and M{\'a}rton, L{\'a}szl{\'o} F and Roberts, J David B and Cobden, Philip M and Buzs{\'a}ki, Gy{\"o}rgy and Somogyi, Peter},
  journal={Nature},
  volume={421},
  number={6925},
  pages={844--848},
  year={2003},
  publisher={Nature Publishing Group}
}

@article{Varga2012,
  title={Frequency-invariant temporal ordering of interneuronal discharges during hippocampal oscillations in awake mice},
  author={Varga, Csaba and Golshani, Peyman and Soltesz, Ivan},
  journal={Proceedings of the National Academy of Sciences},
  volume={109},
  number={40},
  pages={E2726--E2734},
  year={2012},
  publisher={National Acad Sciences}
}

@article{Ylinen1995,
  title={Sharp wave-associated high-frequency oscillation (200 {H}z) in the intact hippocampus: network and intracellular mechanisms},
  author={Ylinen, Aarne and Bragin, Anatol and N{\'a}dasdy, Zolt{\'a}n and Jand{\'o}, G{\'a}bor and Szabo, I and Sik, A and Buzs{\'a}ki, G},
  journal={Journal of Neuroscience},
  volume={15},
  number={1},
  pages={30--46},
  year={1995},
  publisher={Soc Neuroscience}
}

@article{Parpura1994,
  title={Glutamate-mediated astrocyte--neuron signalling},
  author={Parpura, Vladimir and Basarsky, Trent A and Liu, Fang and Jeftinija, Ksenija and Jeftinija, Srdija and Haydon, Philip G},
  year={1994},
  journal={Nature},
  volume={369},
  pages={744--747},
  publisher={Nature Publishing Group}
}

@article{Newman2001,
  title={Propagation of intercellular calcium waves in retinal astrocytes and {M}{\"u}ller cells},
  author={Newman, Eric A},
  journal={Journal of Neuroscience},
  volume={21},
  number={7},
  pages={2215--2223},
  year={2001},
  publisher={Soc Neuroscience}
}

@article{Liu2000,
  title={Persistent Activation of $\rm {GABA}_{A}$ receptor/${\rm Cl}^-$ Channels by Astrocyte-Derived {GABA} in Cultured Embryonic Rat Hippocampal Neurons},
  author={Liu, Qi-Ying and Schaffner, Anne E and Chang, Yoong H and Maric, Dragan and Barker, Jeffery L},
  journal={Journal of Neurophysiology},
  volume={84},
  number={3},
  pages={1392--1403},
  year={2000},
  publisher={Am Physiological Soc}
}

@article{Wang2012,
  title={Astrocytes modulate neural network activity by $\rm {C}a^{2+}$-dependent uptake of extracellular $\rm {K}^+$},
  author={Wang, Fushun and Smith, Nathan A and Xu, Qiwu and Fujita, Takumi and Baba, Akemichi and Matsuda, Toshio and Takano, Takahiro and Bekar, Lane and Nedergaard, Maiken},
  journal={Science Signaling},
  volume={5},
  number={218},
  pages={ra26},
  year={2012},
  publisher={NIH Public Access}
}

@article{Cornell1990,
  title={Glutamate induces calcium waves in cultured astrocytes: long-range glial signaling},
  author={Cornell-Bell, Ann H and Finkbeiner, Steven M and Cooper, Mark S and Smith, Stephen J},
  journal={Science},
  volume={247},
  number={4941},
  pages={470},
  year={1990},
  publisher={The American Association for the Advancement of Science}
}

@article{Zhang2017,
  title={Astrocyte $\rm {C}a^{2+}$ Influx Negatively Regulates Neuronal Activity},
  author={Zhang, Yao V and Ormerod, Kiel G and Littleton, J Troy},
  journal={eNeuro},
  volume={16},
  pages={0340},
  year={2017},
  publisher={Society for Neuroscience}
}

@article{Lanza1993,
  title={{CGP} 52432: a novel potent and selective $\rm {GABA}_{B}$ autoreceptor antagonist in rat cerebral cortex},
  author={Lanza, Marco and Fassio, Anna and Gemignani, Anita and Bonanno, Giambattista and Raiteri, Maurizio},
  journal={European Journal of Pharmacology},
  volume={237},
  number={2-3},
  pages={191--195},
  year={1993},
  publisher={Elsevier}
}

@article{Hajos2009,
  title={Maintaining network activity in submerged hippocampal slices: importance of oxygen supply},
  author={Hajos, Norbert and Ellender, Tommas J and Zemankovics, Rita and Mann, Edward O and Exley, Richard and Cragg, Stephanie J and Freund, Tam{\'a}s F and Paulsen, Ole},
  journal={European Journal of Neuroscience},
  volume={29},
  number={2},
  pages={319--327},
  year={2009},
  publisher={Wiley Online Library}
}

@article{Maier2009,
  title={An approach for reliably investigating hippocampal sharp wave-ripples \textit{in vitro}},
  author={Maier, Nikolaus and Morris, Genela and Johenning, Friedrich W and Schmitz, Dietmar},
  journal={PLoS One},
  volume={4},
  number={9},
  pages={e6925},
  year={2009},
  publisher={Public Library of Science}
}

@article{Fuentealba2008b,
  title={Rhythmically active enkephalin-expressing {GABA}ergic cells in the {CA1} area of the hippocampus project to the subiculum and preferentially innervate interneurons},
  author={Fuentealba, Pablo and Tomioka, Ryohei and Dalezios, Yannis and M{\'a}rton, L{\'a}szl{\'o} F and Studer, Michele and Rockland, Kathleen and Klausberger, Thomas and Somogyi, Peter},
  journal={Journal of Neuroscience},
  volume={28},
  number={40},
  pages={10017--10022},
  year={2008},
  publisher={Soc Neuroscience}
}

@article{Oschmann2017,
  title={Spatial separation of two different pathways accounting for the generation of calcium signals in astrocytes},
  author={Oschmann, Franziska and Mergenthaler, Konstantin and Jungnickel, Evelyn and Obermayer, Klaus},
  journal={PLoS Computational Biology},
  volume={13},
  number={2},
  pages={e1005377},
  year={2017},
  publisher={Public Library of Science}
}










