@comment{x-kbibtex-personnameformatting=<%l><, %f>}

@article{Doron2014,
  title={Spiking irregularity and frequency modulate the behavioral report of single-neuron stimulation},
  author={Doron, Guy and von Heimendahl, Moritz and Schlattmann, Peter and Houweling, Arthur R and Brecht, Michael},
  journal={Neuron},
  volume={81},
  number={3},
  pages={653--663},
  year={2014},
  publisher={Elsevier}
}

@article{Brecht2004,
  title={Whisker movements evoked by stimulation of single pyramidal cells in rat motor cortex},
  author={Brecht, Michael and Schneider, Miriam and Sakmann, Bert and Margrie, Troy W},
  journal={Nature},
  volume={427},
  number={6976},
  pages={704--710},
  year={2004},
  publisher={Nature Publishing Group}
}

@article{Houweling2007,
  title={Behavioural report of single neuron stimulation in somatosensory cortex},
  author={Houweling, Arthur R and Brecht, Michael},
  journal={Nature},
  volume={450},
  number={7172},
  year={2007},
  publisher={Nature Publishing Group}
}

@article{Luczak2013,
  title={Gating of sensory input by spontaneous cortical activity},
  author={Luczak, Artur and Bartho, Peter and Harris, Kenneth D},
  journal={Journal of Neuroscience},
  volume={33},
  number={4},
  pages={1684--1695},
  year={2013},
  publisher={Soc Neuroscience}
}

@article{Gupta2010,
  title={Hippocampal replay is not a simple function of experience},
  author={Gupta, Anoopum S and van der Meer, Matthijs AA and Touretzky, David S and Redish, A David},
  journal={Neuron},
  volume={65},
  number={5},
  pages={695--705},
  year={2010},
  publisher={Elsevier}
}


@article {Marr1971,
	author = {Marr, D.},
	title = {Simple Memory: A Theory for Archicortex},
	volume = {262},
	number = {841},
	pages = {23--81},
	year = {1971},
	doi = {10.1098/rstb.1971.0078},
	publisher = {The Royal Society},
	issn = {0080-4622},
	URL = {http://rstb.royalsocietypublishing.org/content/262/841/23},
	eprint = {http://rstb.royalsocietypublishing.org/content/262/841/23.full.pdf},
	journal = {Philosophical Transactions of the Royal Society of London B: Biological Sciences}
}





