@comment{x-kbibtex-personnameformatting=<%l><, %f>}

@book{Hebb49,
  title={The organization of behavior: A neuropsychological theory},
  author={Hebb, Donald Olding},
  year={2005 (1949)},
  publisher={Psychology Press}
}

@article{Plato:Phaedo,
  title={Plato's Phaedo},
  author={David Bostock},
  year={1986},
  publisher={Oxford University Press}
}

@book{Aristotle,
  title={The complete works of Aristotle},
  booktitle={},
  author={Aristotle, Jonathan Barnes},
  year={1984},
  publisher={Princeton, NJ: Princeton University Press}
}

@article{Bloch2007,
  title={Aristotle on memory and recollection},
  author={Bloch, David Kristian},
  year={2007},
  publisher={Brill}
}

@book{Hobbes,
  title={Human Nature; de Corpore Politico: Or the Fundamental Elements of Policy},
  author={Hobbes, Thomas},
  year={1994 (1650)},
  publisher={Thoemmes Press}
}

@article{Locke,
  title={An essay concerning human understanding},
  author={Locke, John},
  year={1948 (1690)},
  publisher={Appleton-Century-Crofts}
}

@article{Hume,
  title={A treatise of human nature},
  author={Hume, David},
  journal={London: John Noon},
  year={1978 (1739)}
}

@book{Hume2,
  title={An inquiry concerning human understanding},
  author={Hume, David and Hendel, Charles William},
  volume={49},
  year={1955 (1748)},
  publisher={Bobbs-Merrill Indianapolis}
}

@book{Stewart,
  title={The Collected Works: Philosophical essays},
  author={Stewart, Dugald},
  volume={5},
  year={1855},
  publisher={Constable}
}

@article{James1884,
  title={II.—What is an emotion?},
  author={James, William},
  journal={Mind},
  number={34},
  pages={188--205},
  year={1884},
  publisher={Mind Assoc}
}

@article{Pavlov1897,
  title={Lectures on the work of the principal digestive glands},
  author={Pavlov, IP},
  journal={St. Petersburg: Kushnereff},
  year={1897}
}

@book{Watt1904,
  title={Experimentelle Beitr{\"a}ge zu einer Theorie des Denkens},
  author={Watt, Henry Jackson},
  year={1904},
  publisher={W. Engelmann}
}

@book{Titchener1905,
  title={Experimental psychology: A manual of laboratory practice},
  author={Titchener, Edward Bradford},
  volume={2},
  year={1905},
  publisher={Macmillan}
}

@book{Washburn1916,
  title={Movement and mental imagery: Outlines of a motor theory of the complexer mental processes},
  author={Washburn, Margaret Floy},
  year={1916},
  publisher={Houghton Mifflin}
}

@misc{Rhetorica,
  title={Ad C. Herennium de ratione dicendi (Rhetorica ad Herennium), book 3},
  author={Unknown Author},
  year={80BC},
  publisher={archiv.org}
}

@book{Cicero,
  title={De Oratore: In 2 Vol},
  author={Cicero, Marcus Tullius and Sutton, Edward William and Rackham, Harris},
  year={1948 (55BC)},
  publisher={Harvard University Press},
  pages={352--54}
}

@book{Yates66,
  title={The art of memory},
  author={Yates, Frances Amelia},
  volume={64},
  year={1992 (1966)},
  publisher={Random House}
}

@book{Foer2011,
  title={Moonwalking with Einstein: The art and science of remembering everything},
  author={Foer, Joshua},
  year={2011},
  publisher={Penguin}
}

@article{Cajal1894,
  title={The Croonian Lecture: La fine structure des centres nerveux},
  author={Cajal, Santiago Ramon Y},
  journal={Proceedings of the Royal Society of London},
  volume={55},
  number={331-335},
  pages={444--468},
  year={1894},
  publisher={The Royal Society}
}

@article{Hopfield1982,
  title={Neural networks and physical systems with emergent collective computational abilities},
  author={Hopfield, John J},
  journal={Proceedings of the national academy of sciences},
  volume={79},
  number={8},
  pages={2554--2558},
  year={1982},
  publisher={National Acad Sciences}
}

@Article{Oja1982,
author="Oja, Erkki",
title="Simplified neuron model as a principal component analyzer",
journal="Journal of Mathematical Biology",
year="1982",
volume="15",
number="3",
pages="267--273",
abstract="A simple linear neuron model with constrained Hebbian-type synaptic modification is analyzed and a new class of unconstrained learning rules is derived. It is shown that the model neuron tends to extract the principal component from a stationary input vector sequence.",
issn="1432-1416",
doi="10.1007/BF00275687",
url="http://dx.doi.org/10.1007/BF00275687"
}

@article{Lowel1992,
  title={Selection of intrinsic horizontal connections in the visual cortex by correlated neuronal activity},
  author={Lowel, Siegrid and Singer, Wolf},
  journal={Science},
  volume={255},
  number={5041},
  pages={209},
  year={1992},
  publisher={The American Association for the Advancement of Science}
}


@article{Martin2000,
  title={Synaptic plasticity and memory: an evaluation of the hypothesis},
  author={Martin, SJ and Grimwood, PD and Morris, RGM},
  journal={Annual review of neuroscience},
  volume={23},
  number={1},
  pages={649--711},
  year={2000},
  publisher={Annual Reviews 4139 El Camino Way, PO Box 10139, Palo Alto, CA 94303-0139, USA}
}

@article{Takeuchi2014,
  title={The synaptic plasticity and memory hypothesis: encoding, storage and persistence},
  author={Takeuchi, Tomonori and Duszkiewicz, Adrian J and Morris, Richard GM},
  journal={Phil. Trans. R. Soc. B},
  volume={369},
  number={1633},
  pages={20130288},
  year={2014},
  publisher={The Royal Society}
}

@inproceedings{Lomo1966,
  title={Frequency potentiation of excitatory synaptic activity in dentate area of hippocampal formation},
  author={Lomo, T},
  booktitle={Acta Physiologica Scandinavica},
  pages={128},
  year={1966},
  organization={BLACKWELL SCIENCE LTD PO BOX 88, OSNEY MEAD, OXFORD OX2 0NE, OXON, ENGLAND}
}

@article{Taylor1973,
  title={The problem of stimulus structure in the behavioural theory of perception},
  author={Taylor, MM},
  journal={S. African J. Psychology},
  volume={3},
  pages={23--45},
  year={1973}
}

@article{Gerstner1996,
  title={A neuronal learning rule for sub-millisecond temporal coding},
  author={Gerstner, Wulfram and Kempter, Richard and van Hemmen, J Leo and Wagner, Hermann},
  journal={Nature},
  volume={383},
  number={LCN-ARTICLE-1996-002},
  pages={76--78},
  year={1996}
}


@article{Markram1997,
  title={Regulation of synaptic efficacy by coincidence of postsynaptic APs and EPSPs},
  author={Markram, Henry and L{\"u}bke, Joachim and Frotscher, Michael and Sakmann, Bert},
  journal={Science},
  volume={275},
  number={5297},
  pages={213--215},
  year={1997},
  publisher={American Association for the Advancement of Science}
}

@article{Bi1998,
  title={Synaptic modifications in cultured hippocampal neurons: dependence on spike timing, synaptic strength, and postsynaptic cell type},
  author={Bi, Guo-qiang and Poo, Mu-ming},
  journal={The Journal of neuroscience},
  volume={18},
  number={24},
  pages={10464--10472},
  year={1998},
  publisher={Soc Neuroscience}
}

@article{Debanne1998,
  title={Long-term synaptic plasticity between pairs of individual CA3 pyramidal cells in rat hippocampal slice cultures},
  author={Debanne, Dominique and G{\"a}hwiler, Beat H and Thompson, Scott M},
  journal={The Journal of Physiology},
  volume={507},
  number={1},
  pages={237--247},
  year={1998},
  publisher={Wiley Online Library}
}

@article{Zhang1998,
  title={A critical window for cooperation and competition among developing retinotectal synapses},
  author={Zhang, Li I and Tao, Huizhong W and Holt, Christine E and Harris, William A and Poo, Mu-ming},
  journal={Nature},
  volume={395},
  number={6697},
  pages={37--44},
  year={1998},
  publisher={Nature Publishing Group}
}

@article{Lisman2005,
  title={Postsynaptic depolarization requirements for LTP and LTD: a critique of spike timing-dependent plasticity},
  author={Lisman, John and Spruston, Nelson},
  journal={Nature neuroscience},
  volume={8},
  number={7},
  pages={839--841},
  year={2005},
  publisher={Nature Publishing Group}
}

@article{Wittenberg2006,
  title={Malleability of spike-timing-dependent plasticity at the CA3--CA1 synapse},
  author={Wittenberg, Gayle M and Wang, Samuel S-H},
  journal={The Journal of Neuroscience},
  volume={26},
  number={24},
  pages={6610--6617},
  year={2006},
  publisher={Soc Neuroscience}
}

@article{Kempter1999,
  title={Hebbian learning and spiking neurons},
  author={Kempter, Richard and Gerstner, Wulfram and Van Hemmen, J Leo},
  journal={Physical Review E},
  volume={59},
  number={4},
  pages={4498},
  year={1999},
  publisher={APS}
}

@article{Feldman2012,
  title={The spike-timing dependence of plasticity},
  author={Feldman, Daniel E},
  journal={Neuron},
  volume={75},
  number={4},
  pages={556--571},
  year={2012},
  publisher={Elsevier}
}

@article{Vogels2013,
  title={Inhibitory synaptic plasticity: spike timing-dependence and putative network function},
  author={Vogels, Tim P and Froemke, Robert C and Doyon, Nicolas and Gilson, Matthieu and Haas, Julie S and Liu, Robert and Maffei, Arianna and Miller, Paul and Wierenga, Corette and Woodin, Melanie A and others},
  journal={Frontiers in neural circuits},
  volume={7},
  pages={119},
  year={2013},
  publisher={Frontiers}
}

@article{Mishra2016,
  title={Symmetric spike timing-dependent plasticity at CA3-CA3 synapses optimizes storage and recall in autoassociative networks},
  author={Mishra, Rajiv K and Kim, Sooyun and Guzman, Segundo J and Jonas, Peter},
  journal={Nature communications},
  volume={7},
  year={2016},
  publisher={Nature Publishing Group}
}

@book{Semon1904,
  title={The mneme},
  author={Semon, Richard Wolfgang},
  year={1921 (1904)},
  publisher={G. Allen \& Unwin Limited}
}

@article{Wallace2010,
  title={Chasing the cell assembly},
  author={Wallace, Damian J and Kerr, Jason ND},
  journal={Current opinion in neurobiology},
  volume={20},
  number={3},
  pages={296--305},
  year={2010},
  publisher={Elsevier}
}

@article{Song2005,
  title={Highly nonrandom features of synaptic connectivity in local cortical circuits},
  author={Song, Sen and Sj{\"o}str{\"o}m, Per Jesper and Reigl, Markus and Nelson, Sacha and Chklovskii, Dmitri B},
  journal={PLoS Biol},
  volume={3},
  number={3},
  pages={e68},
  year={2005},
  publisher={Public Library of Science}
}

@article{Ko2011,
  title={Functional specificity of local synaptic connections in neocortical networks},
  author={Ko, Ho and Hofer, Sonja B and Pichler, Bruno and Buchanan, Katherine A and Sj{\"o}str{\"o}m, P Jesper and Mrsic-Flogel, Thomas D},
  journal={Nature},
  volume={473},
  number={7345},
  pages={87--91},
  year={2011},
  publisher={Nature Publishing Group}
}

@article{Perin2011,
  title={A synaptic organizing principle for cortical neuronal groups},
  author={Perin, Rodrigo and Berger, Thomas K and Markram, Henry},
  journal={Proceedings of the National Academy of Sciences},
  volume={108},
  number={13},
  pages={5419--5424},
  year={2011},
  publisher={National Acad Sciences}
}

@article{Shimono2015,
  title={Functional clusters, hubs, and communities in the cortical microconnectome},
  author={Shimono, Masanori and Beggs, John M},
  journal={Cerebral Cortex},
  volume={25},
  number={10},
  pages={3743--3757},
  year={2015},
  publisher={Oxford Univ Press}
}

@article{Takahashi2010,
  title={Circuit topology for synchronizing neurons in spontaneously active networks},
  author={Takahashi, Naoya and Sasaki, Takuya and Matsumoto, Wataru and Matsuki, Norio and Ikegaya, Yuji},
  journal={Proceedings of the National Academy of Sciences},
  volume={107},
  number={22},
  pages={10244--10249},
  year={2010},
  publisher={National Acad Sciences}
}

@article{Guzman2016,
  title={Synaptic mechanisms of pattern completion in the hippocampal CA3 network},
  author={Guzman, Segundo Jose and Schl{\"o}gl, Alois and Frotscher, Michael and Jonas, Peter},
  journal={Science},
  volume={353},
  number={6304},
  pages={1117--1123},
  year={2016},
  publisher={American Association for the Advancement of Science}
}

@article{Buzsaki2014,
  title={The log-dynamic brain: how skewed distributions affect network operations},
  author={Buzs{\'a}ki, Gy{\"o}rgy and Mizuseki, Kenji},
  journal={Nature Reviews Neuroscience},
  volume={15},
  number={4},
  pages={264--278},
  year={2014},
  publisher={Nature Publishing Group}
}

@article{Kenet2003,
  title={Spontaneously emerging cortical representations of visual attributes},
  author={Kenet, Tal and Bibitchkov, Dmitri and Tsodyks, Misha and Grinvald, Amiram and Arieli, Amos},
  journal={Nature},
  volume={425},
  number={6961},
  pages={954--956},
  year={2003},
  publisher={Nature Publishing Group}
}

@article{Luczak2009,
  title={Spontaneous events outline the realm of possible sensory responses in neocortical populations},
  author={Luczak, Artur and Barth{\'o}, Peter and Harris, Kenneth D},
  journal={Neuron},
  volume={62},
  number={3},
  pages={413--425},
  year={2009},
  publisher={Elsevier}
}

@article{luczak2012,
  title={Default activity patterns at the neocortical microcircuit level},
  author={Luczak, Artur and MacLean, Jason N},
  journal={Frontiers in integrative neuroscience},
  volume={6},
  pages={30},
  year={2012},
  publisher={Frontiers}
}

@article{Cossell2015,
  title={Functional organization of excitatory synaptic strength in primary visual cortex},
  author={Cossell, Lee and Iacaruso, Maria Florencia and Muir, Dylan R and Houlton, Rachael and Sader, Elie N and Ko, Ho and Hofer, Sonja B and Mrsic-Flogel, Thomas D},
  journal={Nature},
  volume={518},
  number={7539},
  pages={399--403},
  year={2015},
  publisher={Nature Publishing Group}
}

@article{Cossart2003,
  title={Attractor dynamics of network UP states in the neocortex},
  author={Cossart, Rosa and Aronov, Dmitriy and Yuste, Rafael},
  journal={Nature},
  volume={423},
  number={6937},
  pages={283--288},
  year={2003},
  publisher={Nature Publishing Group}
}

@article{Maclean2005,
  title={Internal dynamics determine the cortical response to thalamic stimulation},
  author={MacLean, Jason N and Watson, Brendon O and Aaron, Gloster B and Yuste, Rafael},
  journal={Neuron},
  volume={48},
  number={5},
  pages={811--823},
  year={2005},
  publisher={Elsevier}
}

@article{Bathellier2012,
  title={Discrete neocortical dynamics predict behavioral categorization of sounds},
  author={Bathellier, Brice and Ushakova, Lyubov and Rumpel, Simon},
  journal={Neuron},
  volume={76},
  number={2},
  pages={435--449},
  year={2012},
  publisher={Elsevier}
}

@article{Balaguer2011,
  title={Attracting dynamics of frontal cortex ensembles during memory-guided decision-making},
  author={Balaguer-Ballester, Emili and Lapish, Christopher C and Seamans, Jeremy K and Durstewitz, Daniel},
  journal={PLoS Comput Biol},
  volume={7},
  number={5},
  pages={e1002057},
  year={2011},
  publisher={Public Library of Science}
}

@article{Niessing2010,
  title={Olfactory pattern classification by discrete neuronal network states},
  author={Niessing, J{\"o}rn and Friedrich, Rainer W},
  journal={Nature},
  volume={465},
  number={7294},
  pages={47--52},
  year={2010},
  publisher={Nature Publishing Group}
}

@article{Wills2005,
  title={Attractor dynamics in the hippocampal representation of the local environment},
  author={Wills, Tom J and Lever, Colin and Cacucci, Francesca and Burgess, Neil and O'Keefe, John},
  journal={Science},
  volume={308},
  number={5723},
  pages={873--876},
  year={2005},
  publisher={American Association for the Advancement of Science}
}

@article{Jezek2011,
  title={Theta-paced flickering between place-cell maps in the hippocampus},
  author={Jezek, Karel and Henriksen, Espen J and Treves, Alessandro and Moser, Edvard I and Moser, May-Britt},
  journal={Nature},
  volume={478},
  number={7368},
  pages={246--249},
  year={2011},
  publisher={Nature Publishing Group}
}

@article{Buzsaki2010,
  title={Neural syntax: cell assemblies, synapsembles, and readers},
  author={Buzs{\'a}ki, Gy{\"o}rgy},
  journal={Neuron},
  volume={68},
  number={3},
  pages={362--385},
  year={2010},
  publisher={Elsevier}
}

@article{Pulvermuller2010,
  title={Brain embodiment of syntax and grammar: Discrete combinatorial mechanisms spelt out in neuronal circuits},
  author={Pulverm{\"u}ller, Friedemann},
  journal={Brain and language},
  volume={112},
  number={3},
  pages={167--179},
  year={2010},
  publisher={Elsevier}
}

@article{Goldman2009,
  title={Memory without feedback in a neural network},
  author={Goldman, Mark S},
  journal={Neuron},
  volume={61},
  number={4},
  pages={621--634},
  year={2009},
  publisher={Elsevier}
}

@article{George1995,
  title={Characterization of a novel protein regulated during the critical period for song learning in the zebra finch},
  author={George, Julia M and Jin, Hui and Woods, Wendy S and Clayton, David F},
  journal={Neuron},
  volume={15},
  number={2},
  pages={361--372},
  year={1995},
  publisher={Elsevier}
}

@article{Doupe2004,
  title={Cellular, circuit, and synaptic mechanisms in song learning},
  author={Doupe, Allison J and Solis, Michele M and Kimpo, Rhea and BOETTIGER, CHARLOTTE A},
  journal={Annals of the New York Academy of Sciences},
  volume={1016},
  number={1},
  pages={495--523},
  year={2004},
  publisher={Wiley Online Library}
}

@article{Yu1996,
  title={Temporal hierarchical control of singing in birds},
  author={Albert, C Yu and Margoliash, Daniel},
  journal={Science},
  volume={273},
  number={5283},
  pages={1871},
  year={1996},
  publisher={The American Association for the Advancement of Science}
}

@article{Hahnloser2002,
  title={An ultra-sparse code underlies the generation of neural sequences in a songbird},
  author={Hahnloser, Richard HR and Kozhevnikov, Alexay A and Fee, Michale S},
  journal={Nature},
  volume={419},
  number={6902},
  pages={65--70},
  year={2002},
  publisher={Nature Publishing Group}
}

@article{Dave2000,
  title={Song replay during sleep and computational rules for sensorimotor vocal learning},
  author={Dave, Amish S and Margoliash, Daniel},
  journal={Science},
  volume={290},
  number={5492},
  pages={812--816},
  year={2000},
  publisher={American Association for the Advancement of Science}
}

@article{Kosche2015,
  title={Interplay of inhibition and excitation shapes a premotor neural sequence},
  author={Kosche, Georg and Vallentin, Daniela and Long, Michael A},
  journal={The Journal of Neuroscience},
  volume={35},
  number={3},
  pages={1217--1227},
  year={2015},
  publisher={Soc Neuroscience}
}

@article{Hamaguchi2012,
  title={Recurrent interactions between the input and output of a songbird cortico-basal ganglia pathway are implicated in vocal sequence variability},
  author={Hamaguchi, Kosuke and Mooney, Richard},
  journal={The Journal of Neuroscience},
  volume={32},
  number={34},
  pages={11671--11687},
  year={2012},
  publisher={Soc Neuroscience}
}

@article{Fushiki2016,
  title={A circuit mechanism for the propagation of waves of muscle contraction in Drosophila},
  author={Fushiki, Akira and Zwart, Maarten F and Kohsaka, Hiroshi and Fetter, Richard D and Cardona, Albert and Nose, Akinao},
  journal={Elife},
  volume={5},
  pages={e13253},
  year={2016},
  publisher={eLife Sciences Publications Limited}
}

@article{Romano2015,
  title={Spontaneous neuronal network dynamics reveal circuit’s functional adaptations for behavior},
  author={Romano, Sebasti{\'a}n A and Pietri, Thomas and P{\'e}rez-Schuster, Ver{\'o}nica and Jouary, Adrien and Haudrechy, Mathieu and Sumbre, Germ{\'a}n},
  journal={Neuron},
  volume={85},
  number={5},
  pages={1070--1085},
  year={2015},
  publisher={Elsevier}
}

@article{Euston2007,
  title={Fast-forward playback of recent memory sequences in prefrontal cortex during sleep},
  author={Euston, David R and Tatsuno, Masami and McNaughton, Bruce L},
  journal={science},
  volume={318},
  number={5853},
  pages={1147--1150},
  year={2007},
  publisher={American Association for the Advancement of Science}
}

@article{Segev2004,
  title={Hidden neuronal correlations in cultured networks},
  author={Segev, Ronen and Baruchi, Itay and Hulata, Eyal and Ben-Jacob, Eshel},
  journal={Physical Review Letters},
  volume={92},
  number={11},
  pages={118102},
  year={2004},
  publisher={APS}
}

@article{Kruskal2013,
  title={Circuit reactivation dynamically regulates synaptic plasticity in neocortex},
  author={Kruskal, Peter B and Li, Lucy and MacLean, Jason N},
  journal={Nature communications},
  volume={4},
  year={2013},
  publisher={Nature Publishing Group}
}

@article{Louie2001,
  title={Temporally structured replay of awake hippocampal ensemble activity during rapid eye movement sleep},
  author={Louie, Kenway and Wilson, Matthew A},
  journal={Neuron},
  volume={29},
  number={1},
  pages={145--156},
  year={2001},
  publisher={Elsevier}
}

@article{Almeida2014,
  title={An investigation of Hebbian phase sequences as assembly graphs},
  author={Almeida-Filho, Daniel G and Lopes-dos-Santos, Vitor and Vasconcelos, Nivaldo AP and Miranda, Jos{\'e} GV and Tort, Adriano BL and Ribeiro, Sidarta},
  journal={Frontiers in neural circuits},
  volume={8},
  year={2014},
  publisher={Frontiers Media SA}
}

@article{Contreras2013,
  title={Formation and reverberation of sequential neural activity patterns evoked by sensory stimulation are enhanced during cortical desynchronization},
  author={Contreras, Edgar J Bermudez and Schjetnan, Andrea Gomez Palacio and Muhammad, Arif and Bartho, Peter and McNaughton, Bruce L and Kolb, Bryan and Gruber, Aaron J and Luczak, Artur},
  journal={Neuron},
  volume={79},
  number={3},
  pages={555--566},
  year={2013},
  publisher={Elsevier}
}

@article{Manns2006,
  title={Evolution of declarative memory},
  author={Manns, Joseph R and Eichenbaum, Howard},
  journal={Hippocampus},
  volume={16},
  number={9},
  pages={795--808},
  year={2006},
  publisher={Wiley Online Library}
}

@article{Clark2013,
  title={Similarity in form and function of the hippocampus in rodents, monkeys, and humans},
  author={Clark, Robert E and Squire, Larry R},
  journal={Proceedings of the National Academy of Sciences},
  volume={110},
  number={Supplement 2},
  pages={10365--10370},
  year={2013},
  publisher={National Acad Sciences}
}

@article{Squire1992,
  title={Memory and the hippocampus: a synthesis from findings with rats, monkeys, and humans.},
  author={Squire, Larry R},
  journal={Psychological review},
  volume={99},
  number={2},
  pages={195},
  year={1992},
  publisher={American Psychological Association}
}

@article{Maguire2000,
  title={Navigation-related structural change in the hippocampi of taxi drivers},
  author={Maguire, Eleanor A and Gadian, David G and Johnsrude, Ingrid S and Good, Catriona D and Ashburner, John and Frackowiak, Richard SJ and Frith, Christopher D},
  journal={Proceedings of the National Academy of Sciences},
  volume={97},
  number={8},
  pages={4398--4403},
  year={2000},
  publisher={National Acad Sciences}
}

@article{Spalding2013,
  title={Dynamics of hippocampal neurogenesis in adult humans},
  author={Spalding, Kirsty L and Bergmann, Olaf and Alkass, Kanar and Bernard, Samuel and Salehpour, Mehran and Huttner, Hagen B and Bostr{\"o}m, Emil and Westerlund, Isabelle and Vial, C{\'e}line and Buchholz, Bruce A and others},
  journal={Cell},
  volume={153},
  number={6},
  pages={1219--1227},
  year={2013},
  publisher={Elsevier}
}

@article{Maccaferri2003,
  title={Interneuron Diversity series: Hippocampal interneuron classifications--making things as simple as possible, not simpler},
  author={Maccaferri, Gianmaria and Lacaille, Jean-Claude},
  journal={Trends in neurosciences},
  volume={26},
  number={10},
  pages={564--571},
  year={2003},
  publisher={Elsevier}
}

@article{Klausberger2008,
  title={Neuronal diversity and temporal dynamics: the unity of hippocampal circuit operations},
  author={Klausberger, Thomas and Somogyi, Peter},
  journal={Science},
  volume={321},
  number={5885},
  pages={53--57},
  year={2008},
  publisher={American Association for the Advancement of Science}
}

@article{Boss1985,
  title={On the number of neurons in the dentate gyrus of the rat},
  author={Boss, Barbara D and Peterson, Gary M and Cowan, W Maxwell},
  journal={Brain research},
  volume={338},
  number={1},
  pages={144--150},
  year={1985},
  publisher={Elsevier}
}

@article{Boss1987,
  title={On the numbers of neurons on fields CA1 and CA3 of the hippocampus of Sprague-Dawley and Wistar rats},
  author={Boss, Barbara D and Turlejski, Kris and Stanfield, Brent B and Cowan, W Maxwell},
  journal={Brain research},
  volume={406},
  number={1-2},
  pages={280--287},
  year={1987},
  publisher={Elsevier}
}

@article{simic1997,
  title={Volume and number of neurons of the human hippocampal formation in normal aging and Alzheimer's disease},
  author={{\v{S}}imi{\'c}, Goran and Kostovi{\'c}, Ivica and Winblad, Bengt and Bogdanovi{\'c}, Nenad},
  journal={Journal of Comparative Neurology},
  volume={379},
  number={4},
  pages={482--494},
  year={1997}
}

@article{Sik1993,
  title={Complete Axon Arborization of a Single CA3 Pyramidal Cell in the Rat Hippocampus, and its Relationship With Postsynaptic Parvalbumin-containing Interneurons},
  author={Sik, A and Tamamaki, Nobuaki and Freund, TF},
  journal={European Journal of Neuroscience},
  volume={5},
  number={12},
  pages={1719--1728},
  year={1993},
  publisher={Wiley Online Library}
}

@article{Li1994,
  title={The hippocampal CA3 network: an in vivo intracellular labeling study},
  author={Li, X-G and Somogyi, P and Ylinen, A and Buzsaki, G},
  journal={Journal of Comparative Neurology},
  volume={339},
  number={2},
  pages={181--208},
  year={1994},
  publisher={Wiley Online Library}
}

@article{Duigou2014,
  title={Recurrent synapses and circuits in the CA3 region of the hippocampus: an associative network},
  author={Le Duigou, Caroline and Simonnet, Jean and Tele{\'n}czuk, Maria T and Fricker, Desdemona and Miles, Richard},
  journal={Frontiers in cellular neuroscience},
  volume={8},
  year={2014},
  publisher={Frontiers Media SA}
}

@article{Finnerty1993,
  title={Functional connectivity from CA3 to the ipsilateral and contralateral CA1 in the rat dorsal hippocampus},
  author={Finnerty, GT and Jefferys, JGR},
  journal={Neuroscience},
  volume={56},
  number={1},
  pages={101--108},
  year={1993},
  publisher={Elsevier}
}

@article{West1991,
  title={Unbiased stereological estimation of the total number of neurons in the subdivisions of the rat hippocampus using the optical fractionator},
  author={West, MJ and Slomianka, LHJG and Gundersen, H Jx G},
  journal={The Anatomical Record},
  volume={231},
  number={4},
  pages={482--497},
  year={1991},
  publisher={Wiley Online Library}
}

@article{Bezaire2013,
  title={Quantitative assessment of CA1 local circuits: Knowledge base for interneuron-pyramidal cell connectivity},
  author={Bezaire, Marianne J and Soltesz, Ivan},
  journal={Hippocampus},
  volume={23},
  number={9},
  pages={751--785},
  year={2013},
  publisher={Wiley Online Library}
}

@book{Andersen2007,
  title={The hippocampus book},
  author={Andersen, Per},
  year={2007},
  publisher={Oxford university press}
}

@article{Scoville1957,
  title={Loss of recent memory after bilateral hippocampal lesions},
  author={Scoville, William Beecher and Milner, Brenda},
  journal={Journal of Neurology, Neurosurgery \& Psychiatry},
  volume={20},
  number={1},
  pages={11--21},
  year={1957},
  publisher={BMJ Publishing Group Ltd}
}

@article{Corkin2002,
  title={What's new with the amnesic patient HM?},
  author={Corkin, Suzanne},
  journal={Nature Reviews Neuroscience},
  volume={3},
  number={2},
  pages={153--160},
  year={2002},
  publisher={Nature Publishing Group}
}

@article{Moscovitch2005,
  title={Functional neuroanatomy of remote episodic, semantic and spatial memory: a unified account based on multiple trace theory},
  author={Moscovitch, Morris and Rosenbaum, R Shayna and Gilboa, Asaf and Addis, Donna Rose and Westmacott, Robyn and Grady, Cheryl and McAndrews, Mary Pat and Levine, Brian and Black, Sandra and Winocur, Gordon and others},
  journal={Journal of anatomy},
  volume={207},
  number={1},
  pages={35--66},
  year={2005},
  publisher={Wiley Online Library}
}

@article{Hassabis2007,
  title={Patients with hippocampal amnesia cannot imagine new experiences},
  author={Hassabis, Demis and Kumaran, Dharshan and Vann, Seralynne D and Maguire, Eleanor A},
  journal={Proceedings of the National Academy of Sciences},
  volume={104},
  number={5},
  pages={1726--1731},
  year={2007},
  publisher={National Acad Sciences}
}

@article{Klein2002,
  title={Memory and temporal experience: The effects of episodic memory loss on an amnesic patient's ability to remember the past and imagine the future},
  author={Klein, Stanley B and Loftus, Judith and Kihlstrom, John F},
  journal={Social Cognition},
  volume={20},
  number={5},
  pages={353},
  year={2002},
  publisher={Guilford Publications, Inc.}
}

@article{OKeefe1971,
  title={The hippocampus as a spatial map. Preliminary evidence from unit activity in the freely-moving rat},
  author={O'Keefe, John and Dostrovsky, Jonathan},
  journal={Brain research},
  volume={34},
  number={1},
  pages={171--175},
  year={1971},
  publisher={Elsevier}
}

@article{Manns2009,
  title={A cognitive map for object memory in the hippocampus},
  author={Manns, Joseph R and Eichenbaum, Howard},
  journal={Learning \& Memory},
  volume={16},
  number={10},
  pages={616--624},
  year={2009},
  publisher={Cold Spring Harbor Lab}
}

@article{Jeffery2006,
  title={The boundary vector cell model of place cell firing and spatial memory},
  author={Jeffery, Kate and Burgess, Neil},
  journal={Rev Neuroscience},
  volume={17},
  pages={7197},
  year={2006}
}

@article{Taube1990a,
  title={Head-direction cells recorded from the postsubiculum in freely moving rats. I. Description and quantitative analysis},
  author={Taube, Jeffrey S and Muller, Robert U and Ranck, James B},
  journal={The Journal of neuroscience},
  volume={10},
  number={2},
  pages={420--435},
  year={1990},
  publisher={Soc Neuroscience}
}

@article{Taube1990b,
  title={Head-direction cells recorded from the postsubiculum in freely moving rats. II. Effects of environmental manipulations},
  author={Taube, Jeffrey S and Muller, Robert U and Ranck, James B},
  journal={The Journal of Neuroscience},
  volume={10},
  number={2},
  pages={436--447},
  year={1990},
  publisher={Soc Neuroscience}
}

@article{Wood1999,
  title={The global record of memory in hippocampal neuronal activity},
  author={Wood, Emma R and Dudchenko, Paul A and Eichenbaum, Howard},
  journal={Nature},
  volume={397},
  number={6720},
  pages={613--616},
  year={1999},
  publisher={Nature Publishing Group}
}

@article{Hafting2005,
  title={Microstructure of a spatial map in the entorhinal cortex},
  author={Hafting, Torkel and Fyhn, Marianne and Molden, Sturla and Moser, May-Britt and Moser, Edvard I},
  journal={Nature},
  volume={436},
  number={7052},
  pages={801--806},
  year={2005},
  publisher={Nature Publishing Group}
}

@article{Ekstrom2003,
  title={Cellular networks underlying human spatial navigation},
  author={Ekstrom, Arne D and Kahana, Michael J and Caplan, Jeremy B and Fields, Tony A and Isham, Eve A and Newman, Ehren L and Fried, Itzhak},
  journal={Nature},
  volume={425},
  number={6954},
  pages={184--188},
  year={2003},
  publisher={Nature Publishing Group}
}

@article{Jacobs2013,
  title={Critical role of the hippocampus in memory for elapsed time},
  author={Jacobs, Nathan S and Allen, Timothy A and Nguyen, Natalie and Fortin, Norbert J},
  journal={The Journal of Neuroscience},
  volume={33},
  number={34},
  pages={13888--13893},
  year={2013},
  publisher={Soc Neuroscience}
}

@article{Rolls1995,
  title={Sparseness of the neuronal representation of stimuli in the primate temporal visual cortex},
  author={Rolls, Edmund T and Tovee, Martin J},
  journal={Journal of Neurophysiology},
  volume={73},
  number={2},
  pages={713--726},
  year={1995},
  publisher={Am Physiological Soc}
}

@article{Killian2012,
  title={A map of visual space in the primate entorhinal cortex},
  author={Killian, Nathaniel J and Jutras, Michael J and Buffalo, Elizabeth A},
  journal={Nature},
  volume={491},
  number={7426},
  pages={761--764},
  year={2012},
  publisher={Nature Publishing Group}
}

@article{Quiroga2005,
  title={Invariant visual representation by single neurons in the human brain},
  author={Quiroga, R Quian and Reddy, Leila and Kreiman, Gabriel and Koch, Christof and Fried, Itzhak},
  journal={Nature},
  volume={435},
  number={7045},
  pages={1102--1107},
  year={2005},
  publisher={Nature Publishing Group}
}

@article{Cowansage2014,
  title={Direct reactivation of a coherent neocortical memory of context},
  author={Cowansage, Kiriana K and Shuman, Tristan and Dillingham, Blythe C and Chang, Allene and Golshani, Peyman and Mayford, Mark},
  journal={Neuron},
  volume={84},
  number={2},
  pages={432--441},
  year={2014},
  publisher={Elsevier}
}

@article{Tanaka2014,
  title={Cortical representations are reinstated by the hippocampus during memory retrieval},
  author={Tanaka, Kazumasa Z and Pevzner, Aleksandr and Hamidi, Anahita B and Nakazawa, Yuki and Graham, Jalina and Wiltgen, Brian J},
  journal={Neuron},
  volume={84},
  number={2},
  pages={347--354},
  year={2014},
  publisher={Elsevier}
}

@article{OKeefe1993,
  title={Phase relationship between hippocampal place units and the EEG theta rhythm},
  author={O'Keefe, John and Recce, Michael L},
  journal={Hippocampus},
  volume={3},
  number={3},
  pages={317--330},
  year={1993},
  publisher={Wiley Online Library}
}

@article{Robbe2009,
  title={Alteration of theta timescale dynamics of hippocampal place cells by a cannabinoid is associated with memory impairment},
  author={Robbe, David and Buzs{\'a}ki, Gy{\"o}rgy},
  journal={The Journal of neuroscience},
  volume={29},
  number={40},
  pages={12597--12605},
  year={2009},
  publisher={Soc Neuroscience}
}

@article{Dragoi2006,
  title={Temporal encoding of place sequences by hippocampal cell assemblies},
  author={Dragoi, George and Buzs{\'a}ki, Gy{\"o}rgy},
  journal={Neuron},
  volume={50},
  number={1},
  pages={145--157},
  year={2006},
  publisher={Elsevier}
}

@article{Feng2015,
  title={Dissociation between the experience-dependent development of hippocampal theta sequences and single-trial phase precession},
  author={Feng, Ting and Silva, Delia and Foster, David J},
  journal={The Journal of Neuroscience},
  volume={35},
  number={12},
  pages={4890--4902},
  year={2015},
  publisher={Soc Neuroscience}
}

@article{Gupta2012,
  title={Segmentation of spatial experience by hippocampal theta sequences},
  author={Gupta, Anoopum S and van der Meer, Matthijs AA and Touretzky, David S and Redish, A David},
  journal={Nature neuroscience},
  volume={15},
  number={7},
  pages={1032--1039},
  year={2012},
  publisher={Nature Publishing Group}
}

@incollection{Marr1991,
  title={Simple memory: a theory for archicortex},
  author={Marr, David and Willshaw, David and McNaughton, Bruce},
  booktitle={From the Retina to the Neocortex},
  pages={59--128},
  year={1991},
  publisher={Springer}
}

@article{Buzsaki1989,
  title={Two-stage model of memory trace formation: a role for “noisy” brain states},
  author={Buzs{\'a}ki, Gy{\"o}rgy},
  journal={Neuroscience},
  volume={31},
  number={3},
  pages={551--570},
  year={1989},
  publisher={Elsevier}
}

@article{Stumpf1965,
  title={Drug action on the electrical activity of the hippocampus},
  author={Stumpf, Ch},
  journal={International Review of Neurobiology},
  volume={8},
  pages={77--138},
  year={1965},
  publisher={Elsevier}
}

@article{Yoshii1966,
  title={Studies on the neural basis of behavior by continuous frequency analysis of EEG},
  author={Yoshii, Naosaburo and Shimokochi, Minoru and Miyamoto, Kensaku and Ito, Muneyuki},
  journal={Progress in brain research},
  volume={21},
  pages={217--250},
  year={1966},
  publisher={Elsevier}
}

@article{Freemon1969,
  title={Sleep of unrestrained chimpanzee: cortical and subcortical recordings},
  author={Freemon, Frank R and McNew, James J and Adey, W Ross},
  journal={Experimental neurology},
  volume={25},
  number={1},
  pages={129--137},
  year={1969},
  publisher={Elsevier}
}

@article{Freemon1970,
  title={Electrical activity of human limbic system during sleep},
  author={Freemon, Frank R and Walter, Richard D},
  journal={Comprehensive psychiatry},
  volume={11},
  number={6},
  pages={544--551},
  year={1970},
  publisher={Elsevier}
}

@article{Vanderwolf1969,
  title={Hippocampal electrical activity and voluntary movement in the rat},
  author={Vanderwolf, Case H},
  journal={Electroencephalography and clinical neurophysiology},
  volume={26},
  number={4},
  pages={407--418},
  year={1969},
  publisher={Elsevier}
}

@article{Buzsaki1992,
  title={High-frequency network oscillation in the hippocampus},
  author={Buzsaki, Gyorgy and Wise, Kensall and others},
  journal={Science},
  volume={256},
  number={5059},
  pages={1025},
  year={1992},
  publisher={The American Association for the Advancement of Science}
}

@article{Buzsaki2015,
  title={Hippocampal sharp wave-ripple: A cognitive biomarker for episodic memory and planning},
  author={Buzs{\'a}ki, Gy{\"o}rgy},
  journal={Hippocampus},
  volume={25},
  number={10},
  pages={1073--1188},
  year={2015},
  publisher={Wiley Online Library}
}

@article{ONeill2006,
  title={Place-selective firing of CA1 pyramidal cells during sharp wave/ripple network patterns in exploratory behavior},
  author={O'Neill, Joseph and Senior, Timothy and Csicsvari, Jozsef},
  journal={Neuron},
  volume={49},
  number={1},
  pages={143--155},
  year={2006},
  publisher={Elsevier}
}

@article{Eschenko2006,
  title={Elevated sleep spindle density after learning or after retrieval in rats},
  author={Eschenko, Oxana and M{\"o}lle, Matthias and Born, Jan and Sara, Susan J},
  journal={The Journal of neuroscience},
  volume={26},
  number={50},
  pages={12914--12920},
  year={2006},
  publisher={Soc Neuroscience}
}

@article{Eschenko2008,
  title={Sustained increase in hippocampal sharp-wave ripple activity during slow-wave sleep after learning},
  author={Eschenko, Oxana and Ramadan, Wiam and M{\"o}lle, Matthias and Born, Jan and Sara, Susan J},
  journal={Learning \& Memory},
  volume={15},
  number={4},
  pages={222--228},
  year={2008},
  publisher={Cold Spring Harbor Lab}
}

@article{Girardeau2014,
  title={Learning-induced plasticity regulates hippocampal sharp wave-ripple drive},
  author={Girardeau, Gabrielle and Cei, Anne and Zugaro, Micha{\"e}l},
  journal={The Journal of Neuroscience},
  volume={34},
  number={15},
  pages={5176--5183},
  year={2014},
  publisher={Soc Neuroscience}
}

@article{Axmacher2008,
  title={Ripples in the medial temporal lobe are relevant for human memory consolidation},
  author={Axmacher, Nikolai and Elger, Christian E and Fell, Juergen},
  journal={Brain},
  volume={131},
  number={7},
  pages={1806--1817},
  year={2008},
  publisher={Oxford Univ Press}
}

@article{Marshall2006,
  title={Boosting slow oscillations during sleep potentiates memory},
  author={Marshall, Lisa and Helgad{\'o}ttir, Halla and M{\"o}lle, Matthias and Born, Jan},
  journal={Nature},
  volume={444},
  number={7119},
  pages={610--613},
  year={2006},
  publisher={Nature Publishing Group}
}

@article{Rasch2007,
  title={Odor cues during slow-wave sleep prompt declarative memory consolidation},
  author={Rasch, Bj{\"o}rn and B{\"u}chel, Christian and Gais, Steffen and Born, Jan},
  journal={Science},
  volume={315},
  number={5817},
  pages={1426--1429},
  year={2007},
  publisher={American Association for the Advancement of Science}
}

@article{Girardeau2009,
  title={Selective suppression of hippocampal ripples impairs spatial memory},
  author={Girardeau, Gabrielle and Benchenane, Karim and Wiener, Sidney I and Buzs{\'a}ki, Gy{\"o}rgy and Zugaro, Micha{\"e}l B},
  journal={Nature neuroscience},
  volume={12},
  number={10},
  pages={1222--1223},
  year={2009},
  publisher={Nature Publishing Group}
}

@article{Jadhav2012,
  title={Awake hippocampal sharp-wave ripples support spatial memory},
  author={Jadhav, Shantanu P and Kemere, Caleb and German, P Walter and Frank, Loren M},
  journal={Science},
  volume={336},
  number={6087},
  pages={1454--1458},
  year={2012},
  publisher={American Association for the Advancement of Science}
}

@article{Wilson1994,
  title={Reactivation of hippocampal ensemble memories during sleep},
  author={Wilson, Matthew A and McNaughton, Bruce L and others},
  journal={Science},
  volume={265},
  number={5172},
  pages={676--679},
  year={1994}
}

@article{Lee2002,
  title={Memory of sequential experience in the hippocampus during slow wave sleep},
  author={Lee, Albert K and Wilson, Matthew A},
  journal={Neuron},
  volume={36},
  number={6},
  pages={1183--1194},
  year={2002},
  publisher={Elsevier}
}

@article{Olafsdottir2016,
  title={Coordinated grid and place cell replay during rest},
  author={{\'O}lafsd{\'o}ttir, H Freyja and Carpenter, Francis and Barry, Caswell},
  journal={Nature Neuroscience},
  year={2016},
  publisher={Nature Publishing Group}
}

@article {ONeill2017,
	author = {O{\textquoteright}Neill, J. and Boccara, C.N. and Stella, F. and Schoenenberger, P. and Csicsvari, J.},
	title = {Superficial layers of the medial entorhinal cortex replay independently of the hippocampus},
	volume = {355},
	number = {6321},
	pages = {184--188},
	year = {2017},
	doi = {10.1126/science.aag2787},
	publisher = {American Association for the Advancement of Science},
	abstract = {The hippocampus plays a central role in the encoding, consolidation, and recall of memories. Consolidation and recall are thought to be executed by the replay of previously acquired memory traces by hippocampal cell assemblies. The hippocampus is thus considered to be the initiator of memory redistribution processes. However, O{\textquoteright}Neill et al. now report that the superficial layers of the medial entorhinal cortex show replay events that are independent of hippocampal activity (see the Perspective by Moser and Gardner). Computations in memory systems may thus be organized in a less hierarchical, more parallel way than previously thought.Science, this issue p. 184; see also p. 131The hippocampus is thought to initiate systems-wide mnemonic processes through the reactivation of previously acquired spatial and episodic memory traces, which can recruit the entorhinal cortex as a first stage of memory redistribution to other brain areas. Hippocampal reactivation occurs during sharp wave{\textendash}ripples, in which synchronous network firing encodes sequences of places. We investigated the coordination of this replay by recording assembly activity simultaneously in the CA1 region of the hippocampus and superficial layers of the medial entorhinal cortex. We found that entorhinal cell assemblies can replay trajectories independently of the hippocampus and sharp wave{\textendash}ripples. This suggests that the hippocampus is not the sole initiator of spatial and episodic memory trace reactivation. Memory systems involved in these processes may include nonhierarchical, parallel components.},
	issn = {0036-8075},
	URL = {http://science.sciencemag.org/content/355/6321/184},
	eprint = {http://science.sciencemag.org/content/355/6321/184.full.pdf},
	journal = {Science}
}

@article{Foster2006,
  title={Reverse replay of behavioural sequences in hippocampal place cells during the awake state},
  author={Foster, David J and Wilson, Matthew A},
  journal={Nature},
  volume={440},
  number={7084},
  pages={680--683},
  year={2006},
  publisher={Nature Publishing Group}
}

@article{Dragoi2011,
  title={Preplay of future place cell sequences by hippocampal cellular assemblies},
  author={Dragoi, George and Tonegawa, Susumu},
  journal={Nature},
  volume={469},
  number={7330},
  pages={397--401},
  year={2011},
  publisher={Nature Publishing Group}
}

@article{Dragoi2013,
  title={Distinct preplay of multiple novel spatial experiences in the rat},
  author={Dragoi, George and Tonegawa, Susumu},
  journal={Proceedings of the National Academy of Sciences},
  volume={110},
  number={22},
  pages={9100--9105},
  year={2013},
  publisher={National Acad Sciences}
}

@article{delaPrida2006,
  title={Threshold behavior in the initiation of hippocampal population bursts},
  author={de la Prida, Liset Menendez and Huberfeld, Gilles and Cohen, Ivan and Miles, Richard},
  journal={Neuron},
  volume={49},
  number={1},
  pages={131--142},
  year={2006},
  publisher={Elsevier}
}

@article{Csicsvari2000,
  title={Ensemble patterns of hippocampal CA3-CA1 neurons during sharp wave--associated population events},
  author={Csicsvari, Jozsef and Hirase, Hajime and Mamiya, Akira and Buzs{\'a}ki, Gy{\"o}rgy},
  journal={Neuron},
  volume={28},
  number={2},
  pages={585--594},
  year={2000},
  publisher={Elsevier}
}

@article{Nakashiba2009,
  title={Hippocampal CA3 output is crucial for ripple-associated reactivation and consolidation of memory},
  author={Nakashiba, Toshiaki and Buhl, Derek L and McHugh, Thomas J and Tonegawa, Susumu},
  journal={Neuron},
  volume={62},
  number={6},
  pages={781--787},
  year={2009},
  publisher={Elsevier}
}

@article{Nakashiba2008,
  title={Transgenic inhibition of synaptic transmission reveals role of CA3 output in hippocampal learning},
  author={Nakashiba, Toshiaki and Young, Jennie Z and McHugh, Thomas J and Buhl, Derek L and Tonegawa, Susumu},
  journal={Science},
  volume={319},
  number={5867},
  pages={1260--1264},
  year={2008},
  publisher={American Association for the Advancement of Science}
}

@article{Buzsaki1983,
  title={Cellular bases of hippocampal EEG in the behaving rat},
  author={Buzs{\'a}ki, Gy{\"o}rgy and Vanderwolf, Cornelius H and others},
  journal={Brain Research Reviews},
  volume={6},
  number={2},
  pages={139--171},
  year={1983},
  publisher={Elsevier}
}

@article{Maier2002,
  title={Reduction of high-frequency network oscillations (ripples) and pathological network discharges in hippocampal slices from connexin 36-deficient mice},
  author={Maier, Nikolaus and G{\"u}ldenagel, Martin and S{\"o}hl, Goran and Siegmund, Herbert and Willecke, Klaus and Draguhn, Andreas},
  journal={The Journal of physiology},
  volume={541},
  number={2},
  pages={521--528},
  year={2002},
  publisher={Wiley Online Library}
}

@article{Maier2003,
  title={Cellular and network mechanisms underlying spontaneous sharp wave--ripple complexes in mouse hippocampal slices},
  author={Maier, Nikolaus and Nimmrich, Volker and Draguhn, Andreas},
  journal={The Journal of physiology},
  volume={550},
  number={3},
  pages={873--887},
  year={2003},
  publisher={Wiley Online Library}
}

@article{Kubota2003,
  title={Endogenous waves in hippocampal slices},
  author={Kubota, Don and Colgin, Laura Lee and Casale, Malcolm and Brucher, Fernando A and Lynch, Gary},
  journal={Journal of neurophysiology},
  volume={89},
  number={1},
  pages={81--89},
  year={2003},
  publisher={Am Physiological Soc}
}

@article{Colgin2004,
  title={Spontaneous waves in the dentate gyrus of slices from the ventral hippocampus},
  author={Colgin, Laura Lee and Kubota, Don and Brucher, Fernando A and Jia, Yousheng and Branyan, Erin and Gall, Christine M and Lynch, Gary},
  journal={Journal of neurophysiology},
  volume={92},
  number={6},
  pages={3385--3398},
  year={2004},
  publisher={Am Physiological Soc}
}

@article{Schlingloff2014,
  title={Mechanisms of sharp wave initiation and ripple generation},
  author={Schlingloff, D{\'a}niel and K{\'a}li, Szabolcs and Freund, Tam{\'a}s F and H{\'a}jos, Norbert and Guly{\'a}s, Attila I},
  journal={The Journal of Neuroscience},
  volume={34},
  number={34},
  pages={11385--11398},
  year={2014},
  publisher={Soc Neuroscience}
}

@article{Kohus2016,
  title={Properties and dynamics of inhibitory synaptic communication within the CA3 microcircuits of pyramidal cells and interneurons expressing parvalbumin or cholecystokinin},
  author={Kohus, Z and K{\'a}li, S and Rovira-Esteban, L and Schlingloff, D and Papp, O and Freund, TF and H{\'a}jos, N and Guly{\'a}s, AI},
  journal={The Journal of physiology},
  year={2016},
  publisher={Wiley Online Library}
}

@article{Hoelscher1997,
  title={Stimulation on the positive phase of hippocampal theta rhythm induces long-term potentiation that can be depotentiated by stimulation on the negative phase in area CA1 in vivo},
  author={H{\"o}lscher, Christian and Anwyl, Roger and Rowan, Michael J},
  journal={The Journal of Neuroscience},
  volume={17},
  number={16},
  pages={6470--6477},
  year={1997},
  publisher={Soc Neuroscience}
}

@article{Berkes2011,
  title={Spontaneous cortical activity reveals hallmarks of an optimal internal model of the environment},
  author={Berkes, Pietro and Orb{\'a}n, Gerg{\H{o}} and Lengyel, M{\'a}t{\'e} and Fiser, J{\'o}zsef},
  journal={Science},
  volume={331},
  number={6013},
  pages={83--87},
  year={2011},
  publisher={American Association for the Advancement of Science}
}

@article{Mizuseki2013,
  title={Preconfigured, skewed distribution of firing rates in the hippocampus and entorhinal cortex},
  author={Mizuseki, Kenji and Buzs{\'a}ki, Gy{\"o}rgy},
  journal={Cell reports},
  volume={4},
  number={5},
  pages={1010--1021},
  year={2013},
  publisher={Elsevier}
}

@article{Sirota2003,
  title={Communication between neocortex and hippocampus during sleep in rodents},
  author={Sirota, Anton and Csicsvari, Jozsef and Buhl, Derek and Buzs{\'a}ki, Gy{\"o}rgy},
  journal={Proceedings of the National Academy of Sciences},
  volume={100},
  number={4},
  pages={2065--2069},
  year={2003},
  publisher={National Acad Sciences}
}

@article{Moran2013,
  title={Aristoteles: De Memoria et Reminiscentia},
  author={Mor{\'a}n, Jorge},
  journal={T{\'o}picos, Revista de Filosof{\'\i}a},
  volume={2},
  number={1},
  pages={193--194},
  year={2013}
}

@article{Miles1986,
  title={Excitatory synaptic interactions between CA3 neurones in the guinea-pig hippocampus.},
  author={Miles, R and Wong, RK},
  journal={The Journal of Physiology},
  volume={373},
  pages={397},
  year={1986},
  publisher={Wiley-Blackwell}
}

@article{Sarel2017,
  title={Vectorial representation of spatial goals in the hippocampus of bats},
  author={Sarel, Ayelet and Finkelstein, Arseny and Las, Liora and Ulanovsky, Nachum},
  journal={Science},
  volume={355},
  number={6321},
  pages={176--180},
  year={2017},
  publisher={American Association for the Advancement of Science}
}

@article{Stemmler2015,
  title={Connecting multiple spatial scales to decode the population activity of grid cells},
  author={Stemmler, Martin and Mathis, Alexander and Herz, Andreas VM},
  journal={Science advances},
  volume={1},
  number={11},
  pages={e1500816},
  year={2015},
  publisher={American Association for the Advancement of Science}
}

@article{Rutishauser2006,
  title={Single-trial learning of novel stimuli by individual neurons of the human hippocampus-amygdala complex},
  author={Rutishauser, Ueli and Mamelak, Adam N and Schuman, Erin M},
  journal={Neuron},
  volume={49},
  number={6},
  pages={805--813},
  year={2006},
  publisher={Elsevier}
}

@article{Sasaki2014,
  title={Interneuron firing precedes sequential activation of neuronal ensembles in hippocampal slices},
  author={Sasaki, Takuya and Matsuki, Norio and Ikegaya, Yuji},
  journal={European Journal of Neuroscience},
  volume={39},
  number={12},
  pages={2027--2036},
  year={2014},
  publisher={Wiley Online Library}
}

@article{Klausberger2009,
  title={GABAergic interneurons targeting dendrites of pyramidal cells in the CA1 area of the hippocampus},
  author={Klausberger, Thomas},
  journal={European Journal of Neuroscience},
  volume={30},
  number={6},
  pages={947--957},
  year={2009},
  publisher={Wiley Online Library}
}






